2850 4800
108 281 169 343 42*
456 276 802 343 Manuanadusum
814 276 953 343 Sarum.

110 442 274 519 contempsi
293 448 414 519 propter
434 462 564 500 amorem
586 442 710 500 Domini
730 442 790 500 mei
808 443 882 502 Jesu
897 442 1023 517 Christi,
1037 462 1135 521 quem
1148 444 1224 517 vidi,
1238 462 1311 523 quen

111 524 216 594 amavi,
227 542 315 599 quem
329 522 448 596 credidi,
462 542 550 599 quem
565 523 664 583 dilexi

177 604 286 662 Versus.
330 604 489 660 Eructavit
502 623 551 660 cor
564 623 663 661 meum
677 604 800 662 verbum
820 603 950 661 bonum:
977 604 1047 663 dico
1067 624 1138 682 ego,
1153 624 1242 683 opera
1256 624 1311 663 mes

111 685 181 760 regi.
226 683 321 751 Quem
335 684 406 741 vidi.

174 763 237 833 Quo
251 772 367 821 cantato
381 784 448 821 cum
467 764 564 834 Versu,
579 765 740 841 Episcopus
753 764 798 822 vel
808 762 949 823 Sacerdos
961 763 1064 824 dicat:

173 844 338 901 Dominum
351 845 502 901 vobiscum
518 853 543 901 et
558 845 692 902 Oremus.
736 844 846 904 Oratio.

173 924 325 1000 Rogamus
349 930 388 995 te,
412 925 550 994 Domino,
575 931 675 983 sancte
697 925 796 999 Pater,
819 926 1006 1000 omnipotens
1033 931 1152 985 aeterne
1172 926 1262 999 Deus,
1279 930 1309 983 ut

112 1024 200 1080 super
229 1006 308 1061 hunc
342 1005 487 1061 famulum
521 1011 608 1062 tuum
635 1006 781 1081 Spiritum
813 1005 1030 1063 benedictionis
1062 1012 1129 1065 tuae
1165 1006 1309 1065 infundere
1354 1064 1356 1073 ,

112 1086 252 1160 digneris,
281 1091 316 1142 ut
344 1086 453 1142 calesti
479 1105 602 1143 numere
629 1086 742 1143 ditatus
769 1092 801 1144 et
827 1092 886 1143 tuce
911 1086 1078 1161 mejestatis
1114 1087 1197 1145 dona
1227 1086 1310 1165 possit

113 1166 263 1241 acquirere
277 1172 308 1223 et
321 1167 395 1222 bene
409 1166 530 1223 tivendi
543 1166 609 1222 aliis
623 1166 758 1242 exemplu
770 1166 908 1242 praebere.

174 1247 258 1322 Itesp.
301 1246 408 1303 Amen.

174 1326 250 1384 Item
263 1326 326 1383 <iiia
340 1326 494 1384 benedictio
509 1346 594 1401 szrper
608 1347 681 1384 enne.

175 1408 324 1464 Dominus
341 1407 430 1464 Jcsus
444 1407 580 1464 Christus
593 1408 673 1483 apud
686 1413 716 1465 te
730 1407 778 1480 sit,
793 1413 828 1464 ut
842 1406 1034 1465 tedcfendat.
1076 1407 1191 1466 Amen.
1232 1408 1309 1465 Inus

115 1493 146 1544 tc
168 1488 216 1559 sit,
238 1493 273 1545 ut
295 1495 326 1544 to
350 1488 469 1543 reficiat.
517 1487 625 1544 Amen.
670 1487 755 1545 Oirca
776 1493 807 1544 tc
827 1487 875 1559 sit,
896 1492 983 1545 utto
1002 1494 1169 1547 conservet
1211 1484 1307 1545 Amen

115 1569 199 1624 Antc
223 1574 254 1624 te
279 1568 328 1637 sit,
352 1573 388 1623 ut
411 1573 442 1624 te
466 1568 599 1625 deducat.
641 1566 746 1625 Amen.
790 1568 885 1644 Super
907 1573 938 1625 te
961 1567 1010 1639 sit,
1035 1573 1073 1625 ut
1097 1574 1132 1625 to
1154 1568 1308 1626 benedicet.

114 1648 222 1703 Amen.
275 1647 335 1716 Qui
359 1667 426 1704 cum
449 1648 514 1705 Deo
544 1648 635 1706 Patre
653 1655 684 1706 et
707 1648 824 1725 Spiritu
844 1648 963 1719 Sancto,
984 1647 1064 1705 vivit
1087 1652 1122 1706 et
1141 1654 1255 1725 regnat,
1275 1646 1310 1705 ln

115 1728 238 1784 unitate.

176 1807 247 1864 Atto
261 1808 423 1866 benedictio.

176 1888 339 1946 Benedicat
352 1896 383 1945 te
396 1889 479 1945 Deus
493 1888 590 1947 Pater.
627 1890 736 1947 Amen.
773 1889 936 1947 conservet
950 1894 980 1946 te
994 1887 1053 1946 Dei
1063 1887 1171 1947 Filius
1209 1890 1312 1947 Amen

116 1968 230 2044 Corpus
260 1975 347 2025 tuum
381 1970 536 2027 custodiat.
591 1967 697 2027 Arnen.
752 1970 896 2027 Animam
930 1975 1013 2027 tuam
1046 1967 1153 2028 salvet.
1210 1972 1312 2027 Amen

116 2049 230 2125 Corpus
243 2056 330 2106 tuum
345 2050 474 2106 irradiet.
517 2050 626 2107 Arnen.
670 2051 794 2108 Sensum
808 2056 895 2108 tuum
905 2050 1022 2125 dirigat.
1065 2050 1180 2108 Amen.
1225 2050 1267 2107 Et
1281 2049 1315 2107 cd

116 2150 273 2206 supernam
287 2131 382 2187 vitam
401 2138 432 2186 tc
452 2131 600 2205 perducat.
643 2131 752 2190 Amen.
795 2131 857 2200 Qui
877 2131 910 2187 in
930 2130 1077 2187 Trinitate
1096 2130 1233 2207 perfecta
1247 2131 1316 2189 vivit

116 2217 147 2268 et
160 2216 264 2287 regnat
279 2211 361 2267 Deus
375 2230 428 2285 per
441 2212 540 2268 omnia
554 2211 660 2268 secula
674 2211 855 2269 saeculorum.
898 2213 1006 2268 Amen.

176 2292 248 2349 Post
274 2291 333 2349 duc
360 2292 522 2366 Episcopus
547 2292 592 2349 uei
624 2291 764 2350 Sacerdos
790 2293 825 2349 de
852 2292 936 2350 domo
963 2299 1052 2355 exeat,
1080 2291 1221 2352 istcinsus
1246 2291 1319 2351 solare

116 2381 264 2430 renumeat
272 2393 328 2447 per·
342 2380 432 2429 totum
453 2392 600 2429 suvntmum
613 2381 640 2430 et
654 2372 825 2430 continuum
845 2372 996 2432 obseruans
1015 2371 1178 2446 silentium,
1193 2382 1222 2431 et
1235 2374 1277 2433 sic
1287 2372 1319 2429 do

113 2452 190 2523 soris
210 2453 339 2526 fiouniter
363 2453 529 2523 claudatur,
551 2461 577 2511 et
600 2453 719 2510 interim
732 2473 795 2511 uoce
815 2473 921 2512 sonora
944 2451 1064 2527 incipiet
1083 2452 1257 2531 Episcopus
1281 2452 1320 2512 uri

116 2532 255 2591 Sacerdos
268 2533 470 2608 Antiphonem
483 2533 534 2591 doc
546 2534 631 2591 modo
640 2558 650 2592 .·

178 2614 373 2688 Suscepimus,
389 2615 480 2685 Deus,
495 2614 724 2671 misericordiam
739 2619 823 2671 tuam
836 2614 869 2670 in
882 2613 979 2671 medio
992 2612 1100 2690 templi
1112 2614 1169 2671 tui.

176 2694 322 2752 Psaimus.
366 2695 495 2770 Magnus
509 2694 656 2751 Dominus
670 2695 802 2771 (nimii.)

176 2774 322 2832 Psaimus.
366 2775 499 2832 Laudato
512 2795 581 2832 cum
595 2794 696 2832 ornnes
708 2782 811 2851 gentes
824 2774 934 2852 (cani.)

178 2855 322 2913 I'salmus.
366 2855 469 2913 Lauda
482 2856 674 2913 Hierusalem
687 2855 819 2933 (calmi.)

176 2935 325 2993 Fecimus.
369 2936 502 2993 Laudate
516 2937 680 2994 Dominum
692 2936 726 2992 in
739 2935 848 2994 sanctis
862 2938 926 3013 ejus
939 2934 1010 3015 (ci.)
1023 2954 1091 2993 cnm
1105 2935 1215 2994 Gloria
1228 2935 1317 2995 Patri

178 3016 338 3088 Itepetatur
350 3016 531 3093 Antiphone.
576 3017 774 3092 Suscepimus‚
789 3018 879 3076 Deus.

176 3095 282 3151 Finita
296 3096 475 3171 Aietipltona,
488 3097 590 3171 faciat
610 3097 772 3173 Episcopus
784 3097 828 3155 uel
839 3097 979 3156 Sacerdos
998 3114 1096 3154 omens
1104 3116 1165 3171 pro
1182 3116 1216 3155 eo
1230 3117 1317 3168 orare,

117 3175 259 3250 quatinus
272 3176 450 3251 ouriripotens
473 3179 562 3250 Deus,
577 3198 635 3253 pro
652 3177 736 3253 cujus
755 3197 852 3236 amore
872 3177 921 3235 ilie
934 3178 1082 3235 mundum
1104 3176 1231 3251 reliquit
1250 3186 1277 3236 et
1286 3177 1319 3235 ia

115 3255 167 3312 iiio
194 3255 375 3312 strictissimo
403 3277 512 3316 carcere
538 3259 655 3316 includi
681 3279 737 3316 sese
754 3258 839 3333 jecit,
864 3258 909 3315 ita
934 3258 1033 3333 nisum
1060 3257 1094 3314 in
1121 3258 1244 3317 musitio
1269 3277 1318 3317 aro

117 3344 258 3394 conseruet
272 3345 297 3393 et
311 3339 465 3410 confirmet,
480 3347 514 3394 ut
523 3347 591 3413 post
605 3347 725 3396 ntorum
738 3359 805 3396 cunt
818 3357 848 3396 eo
861 3339 897 3395 in
910 3348 1051 3396 ortanum
1063 3336 1160 3396 meere
1173 3338 1279 3400 ναῖθαε.

179 3415 269 3473 Pater
282 3422 389 3474 noster.
433 3418 474 3474 Et
487 3438 526 3475 ne
539 3439 602 3476 nos.
647 3420 705 3476 Sed
718 3418 818 3476 libera.

178 3497 316 3568 Ostende,
333 3497 469 3570 Domine,
484 3499 570 3556 nobis
584 3499 814 3557 misericordiam
828 3504 919 3556 tuam.

178 3578 247 3634 Fiat
260 3598 320 3654 pax
332 3579 365 3635 in
379 3579 492 3637 virtute
506 3586 567 3637 tua.

176 3659 324 3716 Dominus
338 3660 496 3718 vobiscum.
541 3661 675 3718 Oremus.
721 3658 830 3719 Oratio.

177 3739 311 3815 Protege,
328 3740 463 3809 Domine,
476 3760 652 3816 quaesumus,
663 3740 809 3798 famulum
822 3746 918 3812 tuum,
933 3744 963 3796 et
976 3737 1180 3798 intercedente
1194 3740 1319 3817 gloriosa

115 3819 230 3895 virgine
240 3821 413 3877 Marianum
422 3822 558 3878 omnibus
568 3821 684 3879 Sanctis
693 3821 764 3895 tuis,
775 3821 878 3897 gratia
888 3827 948 3877 tuae
962 3819 995 3875 in
1008 3819 1132 3877 codena
1141 3821 1318 3899 multiplica,

116 3906 151 3956 ut
165 3901 202 3957 ab
216 3901 353 3957 omnibus
373 3901 449 3957 liber
462 3901 580 3958 offensis
594 3907 625 3958 et
643 3903 855 3977 temporalibus
874 3920 936 3958 non
949 3898 1133 3958 destituatur
1152 3902 1280 3961 auxiliis
1290 3906 1320 3959 et

116 3982 301 4057 sempiternis
314 3982 442 4058 gaudeat
454 3981 611 4039 institutis.
653 3982 713 4039 Per
727 3982 888 4040 Christum.

177 4062 310 4120 Oremus.

176 4142 267 4213 Deus,
279 4143 327 4199 oui
341 4162 426 4201 omne
440 4162 490 4200 cor
503 4147 586 4219 petet
600 4147 631 4201 et
644 4142 741 4200 omnis
751 4142 891 4200 voluntas
905 4141 1038 4218 loquitur
1050 4145 1083 4199 ct
1096 4160 1190 4217 quem
1204 4144 1318 4203 nullum

116 4218 191 4281 latet
217 4229 370 4294 secretum,
396 4224 520 4299 purifica
546 4243 600 4300 per
626 4223 806 4280 infusionem
834 4222 937 4279 Sancti
965 4221 1095 4298 Spiritus
1123 4225 1319 4301 cogitationes

117 4303 212 4360 cordis
230 4303 333 4374 nostri,
347 4309 382 4360 ut
396 4310 426 4361 te
440 4304 568 4380 perfecte
592 4304 714 4381 diligere
735 4309 765 4361 et
785 4303 875 4379 digne
898 4301 1018 4359 laudare
1040 4321 1223 4365 mereamur.
1265 4306 1320 4365 1>oe

118 4379 271 4441 Christum
284 4384 449 4440 Dominum
463 4391 607 4443 nostrum.
649 4385 756 4442 Amen.
