2850 4800
535 309 798 390 ,semanticus
823 266 1003 378 (leocrates.

425 544 616 602 Bsuumcrro
637 559 734 602 surus
755 543 911 602 Burrsuu
932 559 970 600 nr
991 541 1127 600 Oasnuu.

236 676 318 734 Deus
340 676 435 734 Pater
452 677 646 753 omnipotens,
663 682 772 734 aeterne
794 676 886 747 Deus,
900 675 922 733 J
924 694 975 732 esu
990 674 1051 731 Fili
1064 673 1132 746 Dei,
1148 691 1290 751 rogamus
1302 680 1335 732 te
1348 681 1384 733 ut

173 773 293 832 mittere
307 774 436 850 digneris
450 774 686 832 benedictionem
699 780 784 831 tuam
798 779 829 831 et
841 773 1018 831 medicinam
1039 772 1187 830 caelestem
1200 776 1231 831 et
1246 771 1382 833 divinam
1409 816 1423 825 .

175 872 388 948 protectionem
409 891 496 948 super
516 872 572 930 hoc
593 872 736 948 butyrum
753 871 801 929 vel
823 890 946 944 caseum,
962 876 998 928 ut
1010 869 1146 947 proficiat
1158 869 1197 928 ad
1210 868 1382 929 salutemet
1421 902 1423 907 ·

174 967 212 1024 ad
225 970 439 1045 protectionem
452 974 555 1027 contra
575 988 675 1027 omnes
696 968 888 1045 aegritudines
908 987 1064 1044 corporum
1077 967 1126 1026 vel
1140 967 1277 1025 omnium
1290 987 1380 1026 mem·
1409 1000 1423 1057 g

176 1065 296 1125 brorum
309 1068 391 1124 intus
404 1066 453 1124 vel
466 1065 537 1124 foris
552 1066 689 1124 omnibus
702 1066 783 1123 istud
797 1065 991 1145 sumentibus.
1033 1064 1094 1122 Per
1107 1064 1282 1123 Dominum.

325 1265 518 1322 Brunnrcrro
539 1280 635 1322 surus
656 1280 758 1321 roruu
779 1280 1030 1332 oumnucuuous
1049 1280 1111 1320 vnn
1130 1279 1236 1322 crsuu.

238 1398 375 1470 Domine,
397 1404 497 1456 sancte
512 1397 611 1470 Pater,
635 1397 821 1473 omnipotens
843 1402 951 1455 aeterne
974 1397 1065 1471 Deus,
1081 1399 1135 1476 qui
1158 1397 1255 1456 fecisti
1276 1397 1379 1455 caelum
1420 1378 1423 1387 ¹

176 1501 207 1552 ct
220 1501 340 1568 terram,
355 1515 437 1552 mare
455 1501 486 1553 et
507 1495 608 1552 omnia
629 1514 695 1569 quac
716 1495 748 1550 in
771 1494 813 1552 eis
833 1499 921 1568 sunt3
942 1514 1013 1572 rogo
1027 1502 1057 1554 te
1079 1501 1110 1554 et
1131 1501 1201 1572 peto
1213 1494 1248 1553 in
1261 1495 1379 1554 nominc

175 1593 249 1650 Jesu
265 1591 377 1650 Christi
396 1592 557 1668 Unigeniti
578 1592 649 1649 Filii
662 1592 719 1665 tui,
732 1597 768 1649 ut
782 1592 965 1650 sanctificare
988 1592 1121 1669 digneris
1144 1591 1267 1669 epulum
1288 1592 1378 1663 istud,
1411 1582 1423 1631 l

177 1689 253 1748 sicut
277 1689 458 1746 benedixisti
481 1689 680 1765 epulationem
704 1689 944 1761 Abrahae,1saac
967 1697 997 1748 et
1019 1690 1123 1762 Jacob,
1145 1695 1176 1748 et
1199 1690 1278 1748 sicut
1298 1689 1383 1748 bene·

175 1785 281 1843 dixisti
294 1805 346 1843 sex
359 1785 479 1862 hydrias
501 1787 534 1843 in
557 1786 639 1844 Oana
653 1787 792 1859 Galilaeae,
807 1794 837 1844 et
849 1788 882 1844 in
896 1787 1001 1845 vinum
1022 1789 1135 1845 bonum
1149 1805 1297 1844 conversae
1312 1792 1381 1843 sunt

175 1884 212 1940 de
225 1903 302 1958 aqua
312 1903 321 1956 5
340 1884 384 1940 ita
404 1892 543 1941 converte
563 1884 718 1941 materiam
738 1885 869 1941 cervisiae
891 1884 925 1941 in
945 1885 1124 1943 suavitatem
1147 1889 1179 1941 et
1198 1883 1381 1941 hilaritatem

177 1964 269 2037 servis
293 1981 353 2038 tuis
381 1981 433 2057 qui
453 1981 486 2038 in
506 1981 563 2038 fide
587 1981 731 2039 catholica
752 1981 950 2039 crediderunt.
998 1980 1057 2038 Per
1079 1982 1205 2039 eundem
1227 1981 1380 2039 Christum

178 2076 343 2148 Dominum
356 2084 500 2136 nostrum.

509 2240 702 2298 Barnmcruo
722 2257 765 2297 ro
786 2240 907 2299 Douuu
928 2240 1055 2310 Novar,

234 2371 359 2441 Adesto,
388 2371 526 2444 Domine,
549 2370 813 2447 supplicationibus
840 2372 958 2443 nostris,
973 2378 1005 2429 et
1028 2371 1106 2429 hanc
1120 2368 1243 2430 domum
1271 2372 1383 2431 serenis

176 2467 267 2525 oculis
287 2473 347 2525 tuae
371 2468 491 2544 pietatis
511 2469 636 2540 illustra,
653 2474 684 2525 et
704 2469 862 2527 descendat
885 2489 973 2545 super
996 2469 1169 2527 habitantes
1182 2470 1216 2526 in
1229 2489 1264 2527 ea
1277 2471 1383 2547 gratiae

177 2569 236 2621 tuae
251 2564 333 2641 larga
353 2565 528 2638 benedicti0,
544 2565 625 2622 utin
645 2565 692 2622 his
712 2565 889 2623 manufactis
911 2567 1090 2624 habitaculis
1115 2586 1183 2624 cum
1205 2567 1383 2626 salubritate

177 2666 329 2718 manentes
342 2662 400 2738 ipsi
413 2668 500 2719 tuum
514 2681 629 2738 semper
642 2661 704 2718 sint
717 2661 927 2720 habitaculum.
971 2662 1030 2729 Per
1045 2646 1217 2720 Dominum.

581 2849 772 2906 Barnnrorro
793 2866 827 2906 nr
847 2864 981 2906 norunt,

239 2975 410 3053 Multiplica
427 2998 589 3054 supernos,
605 2979 741 3051 Domine,
756 2979 987 3038 misericordiam
1000 2986 1093 3050 tuam,
1109 2986 1140 3038 et
1152 2999 1252 3056 preces
1266 2988 1383 3039 nostras

177 3073 324 3149 propitius
341 3066 344 3072 ⁵
359 3076 499 3132 exaudire
531 3076 669 3153 digneris,
699 3078 776 3135 siout
810 3078 958 3136 exaudisti
991 3077 1137 3136 famulum
1163 3083 1252 3135 tuum
1282 3096 1382 3154 regem

178 3169 286 3242 David,
309 3171 360 3246 qui
385 3176 415 3228 te
439 3172 471 3227 in
495 3191 563 3229 area
585 3173 697 3230 hostias
721 3174 869 3232 offerendo
893 3174 1031 3251 placavit,
1053 3175 1129 3232 iram
1153 3173 1271 3248 avertit,
1287 3174 1384 3232 indul-

177 3267 308 3341 gentiam
321 3269 511 3345 impetrarit,
524 3271 568 3326 ita
578 3270 688 3342 veniat,
702 3290 879 3346 quaesumus,
891 3278 1013 3349 speratae
1023 3272 1239 3331 benedictionis
1251 3273 1381 3341 ubertas,

177 3369 213 3421 ut
236 3367 342 3442 repleti
364 3367 498 3443 strigibus
522 3368 581 3426 tuis
603 3369 640 3426 de
663 3373 717 3425 tua
740 3371 941 3429 misericordia
965 3391 1079 3448 semper
1101 3369 1270 3447 gloriemur.
1322 3369 1383 3427 Per

178 3462 342 3520 Dominum
355 3469 493 3522 nostrum
505 3465 528 3524 J
529 3485 611 3523 esum
626 3465 785 3525 Christum.
1370 3472 1374 3478 ⁴

459 3650 651 3710 BEREDIC'HO
672 3669 714 3711 An
734 3670 833 3712 OMNIA
854 3672 923 3726 QUAE
944 3672 1100 3715 vonunsls.

238 3781 376 3852 Benedic,
402 3780 539 3852 Domine,
565 3788 731 3839 creaturam
758 3781 847 3842 istam
869 3784 921 3857 N,
943 3791 979 3843 ut
1002 3786 1044 3843 sit
1067 3786 1230 3845 remedium
1252 3787 1383 3847 salutare

177 3879 279 3956 generi
297 3880 437 3951 humane,
452 3883 484 3936 et
498 3884 608 3953 praesta
629 3898 682 3955 per
701 3879 919 3938 invocationem
942 3883 1072 3941 nominis
1093 3881 1148 3955 tui,
1163 3889 1200 3941 ut
1213 3884 1382 3960 quicunque

177 3994 216 4033 ex
229 3996 264 4034 ea
277 3976 465 4053 sumpserint,
481 3976 610 4051 corporis
624 3975 783 4034 sanitatem
797 3984 828 4036 et
841 3980 948 4040 auimae
961 3980 1085 4040 tutelam
1106 3980 1281 4058 percipiant
1325 3982 1383 4039 Per

178 4072 344 4131 Dominum
356 4079 493 4132 nostrum
505 4073 528 4131 J
529 4092 618 4131 esum.

529 4251 720 4312 Burnnrcrro
741 4254 830 4312 Sanrs
850 4272 889 4313 nr
909 4255 1033 4316 orans.

238 4380 320 4440 Deus
341 4382 404 4440 caeli
418 4387 566 4459 terraeque
579 4381 755 4457 dominator,
771 4384 824 4460 qui
844 4383 897 4443 das
917 4404 1014 4444 escam
1034 4386 1115 4444 omni
1136 4385 1220 4445 carni
1233 4392 1265 4446 et
1278 4386 1384 4466 imples
