2850 4800
137 354 177 421 62
512 349 686 437 Exsequias
708 351 963 437 Defenderam.

195 535 376 612 Antiphone.

134 637 674 881 maana.
791 766 1344 923 Q

194 927 483 1005 Psalmus(eaaia.)
887 927 1279 986 E-V-o-V·A-n.

153 1030 155 1038 '
194 1029 242 1086 De
255 1027 410 1104 profundis
424 1025 550 1083 clamavi
563 1024 601 1082 ad
614 1030 653 1097 te,
669 1023 817 1082 Domine:
839 1024 976 1098 Domine,
992 1025 1102 1083 exaudi
1118 1017 1222 1084 vocem
1234 1044 1338 1086 meam.
1406 1050 1409 1055 ·

194 1127 285 1184 Fiant
299 1146 383 1183 aures
398 1131 457 1182 tuse
471 1122 668 1195 intendentes,
683 1123 716 1180 in
730 1141 832 1181 vocem
845 1121 1060 1198 deprecationis
1073 1141 1155 1180 mese.

195 1223 228 1281 Si
242 1223 416 1299 iniquitates
431 1218 642 1292 observaveris,
657 1219 806 1277 Domine:
828 1218 964 1289 Domine,
979 1219 1046 1295 quis
1060 1219 1229 1279 sustinebit.

195 1321 273 1390 Quia
294 1319 374 1396 apud
397 1324 428 1374 te
448 1317 621 1394 propitiatio
644 1322 708 1374 est:
729 1322 760 1374 ot
781 1321 904 1393 propter
924 1316 1019 1393 legem
1042 1322 1126 1374 tuam
1148 1316 1279 1376 sustinui
1298 1321 1338 1390 te,

133 1418 269 1478 Domine.

194 1513 344 1572 Sustinuit
359 1513 458 1568 anima
478 1530 544 1568 mea
557 1510 590 1566 in
603 1511 693 1568 verbo
708 1509 789 1586 ejus:
810 1508 941 1585 speravit
954 1509 1054 1568 anima
1070 1529 1136 1569 mea
1149 1510 1183 1568 in
1197 1510 1336 1569 Domino.

146 1656 147 1661 1
168 1596 171 1602 ⁸
192 1611 225 1668 A
239 1609 374 1667 custodia
389 1608 537 1665 matutina
549 1625 644 1683 usque
657 1606 696 1664 ad
709 1612 834 1679 noctem,
849 1613 946 1683 speret
960 1607 1056 1666 Israel
1069 1608 1102 1664 in
1117 1607 1256 1666 Domino.

194 1707 273 1777 Quia
286 1706 364 1780 apud
379 1705 543 1762 Dominum
557 1705 764 1778 misericordia,
777 1711 808 1763 et
821 1705 937 1781 copiosa
950 1706 1029 1782 apud
1042 1725 1110 1765 eum
1122 1706 1298 1785 redemptio.

192 1804 234 1861 Et
248 1804 310 1879 ipse
324 1803 451 1885 redimet
464 1802 566 1875 Israel,
582 1823 619 1860 ex
633 1803 771 1860 omnibus
784 1803 993 1880 iniquitatibus
1008 1805 1080 1881 ejus.

190 1950 372 2027 Antiphone.

143 2216 147 2221 ’
207 2216 240 2275 Si
268 2215 551 2291 in-i-qui·ta-tes
583 2215 875 2273 ob·ser-va-ve·ris
911 2215 1098 2288 Do-mi·ne,
1133 2215 1310 2274 Domi-ne

128 2406 584 2557 Q

167 2583 235 2659 quis
273 2580 543 2638 sus-ti-ne-bitl

186 2770 367 2845 Antiphone.

124 2874 462 3008 Q
985 2902 990 2914 ’

184 3163 324 3221 Psalmns
337 3158 498 3239 (cxxxvii.)
872 3163 898 3219 E
917 3163 996 3220 -V-
1015 3163 1040 3221 O
1059 3163 1116 3220 -V
1129 3198 1140 3207 -
1153 3163 1210 3222 A·
1227 3164 1264 3222 E.

185 3259 356 3317 Oonfitebor
376 3258 442 3329 tibi,
458 3255 596 3330 Domine,
611 3257 644 3314 in
664 3258 829 3316 totocorde
849 3278 934 3317 meo:
956 3260 1097 3335 quoniam
1114 3260 1226 3319 audisti
1238 3261 1329 3321 verba

125 3356 184 3415 oris
198 3357 264 3413 mei.
1265 3341 1267 3344 ‚

183 3454 224 3510 In
237 3457 394 3528 conspectu
408 3451 594 3528 Angelorum
608 3451 731 3528 psallam
744 3452 819 3510 tibi:
840 3452 968 3511 adorabo
982 3453 1020 3511 ad
1033 3454 1178 3531 templum
1191 3460 1327 3514 sanetum

121 3555 217 3621 tuum,
233 3554 264 3605 et
277 3549 441 3605 confitebor
454 3550 569 3606 nomini
583 3554 644 3609 tuo.

183 3646 278 3722 Super
295 3646 495 3703 misericordia
513 3653 566 3704 tua
587 3652 618 3703 et
635 3646 763 3705 veritate
776 3653 847 3705 tua:
868 3646 1010 3723 quoniam
1029 3648 1227 3726 magnificasti
1239 3666 1327 3727 super

121 3764 216 3816 omne,
232 3764 340 3801 nomen
354 3751 490 3802 sanctum
504 3750 599 3803 tuum.

94 3848 97 3854 ’
181 3843 220 3899 In
235 3861 420 3919 quacumque
434 3841 482 3898 die
495 3841 671 3900 invocavero
684 3847 725 3916 te,
739 3841 849 3900 exaudi
862 3861 909 3901 me
923 3863 930 3902 :
951 3843 1166 3921 multiplicabis
1178 3843 1212 3902 in
1226 3845 1325 3905 anima

120 3959 187 3998 mea
200 3941 353 3997 virtutem.

181 4036 387 4094 Oonfiteantur
399 4036 465 4107 tibi,
480 4035 617 4109 Domine,
633 4055 735 4094 omnes
747 4055 830 4114 reges
842 4042 929 4095 terres
942 4057 948 4096 ε
970 4038 1041 4114 quia
1053 4037 1214 4098 audierunt
1226 4039 1326 4098 omnia

119 4134 209 4189 verba
223 4135 281 4190 oris
294 4134 349 4192 tui.
1303 4131 1317 4136 '⁶

179 4231 221 4289 Et
234 4239 355 4290 cantent
370 4235 402 4290 in
415 4235 473 4291 viis
487 4233 631 4292 Domini:
652 4235 793 4311 quoniam
806 4253 914 4312 magna
927 4239 972 4292 est
985 4233 1079 4310 gloria
1093 4234 1226 4313 Domini.

179 4327 327 4396 Quoniam
351 4332 482 4389 excelsus
506 4331 662 4407 Dominus,
685 4338 716 4390 et
740 4331 866 4391 humilia
882 4332 1024 4410 respicit:
1056 4338 1087 4391 et
1108 4333 1171 4392 alta
1193 4352 1212 4392 a
1236 4333 1323 4412 longe

207 4423 276 4482 testib.
