2850 4800
174 269 234 333 94·
524 264 870 331 Manualeaoluswm
882 265 1020 333 Sarum.

176 439 208 491 st
220 433 289 489 bots
303 430 352 510 gif
367 430 430 488 thei
443 430 520 489 have
533 449 618 507 grace
631 431 664 488 ot
675 430 750 503 God,
766 431 858 490 forto
867 430 991 490 amends
1002 430 1075 489 hem
1089 430 1165 491 hero
1180 430 1226 509 by
1239 432 1313 491 hers
1323 432 1385 503 lius,

176 512 271 573 forto
289 510 393 569 dwells
412 511 446 568 in
463 511 515 568 the
534 529 645 588 peynes
661 511 695 569 of
709 510 787 569 helle
804 511 851 570 for
867 530 922 570 svs
939 510 1112 571 withoutsu
1125 512 1231 573 onds:
1253 512 1316 587 fist,
1328 512 1383 571 fla

176 592 285 650 Amen.

235 671 277 728 Et
289 679 360 728 nota
380 670 453 745 quia
474 668 537 729 licet
558 689 654 728 omaus
675 679 701 729 et
721 670 833 746 sirmuli
854 670 908 746 qui
928 678 1075 729 notantur
1088 670 1136 731 ool
1149 670 1386 733 innodasstmiu

175 750 231 811 tao
250 750 378 825 qesurali
399 749 689 809 excommunicatione
710 750 771 807 sint
793 750 856 826 ipso
868 750 954 825 sacto
966 750 1072 827 etjsuu
1091 752 1346 813 mmmmm
1354 752 1386 811 iss

175 839 293 889 tantum
306 830 384 905 quod
397 829 457 889 ltocc
470 830 611 889 sententia
628 850 688 888 non
706 830 838 905 indignat
850 830 966 905 judicis
978 830 1177 905 adminiculo,
1192 830 1386 891 nihilomimes

170 917 263 989 potest
282 908 479 982 denuntiator,
494 910 736 984 quotienscunque
756 930 821 968 eoru
841 910 1007 985 denuncim,
1020 910 1048 969 si
1059 910 1178 971 viduit
1197 912 1334 989 aperius
1349 910 1386 969 od

176 999 312 1048 temorem
328 988 523 1061 audientium,
538 989 585 1046 uti
605 988 661 1046 illa
680 990 776 1048 debito
789 989 983 1062 sollsmnitats,
997 1008 1059 1066 quo
1080 998 1145 1049 tom
1159 992 1201 1051 ds
1213 992 1282 1051 iure
1301 1008 1383 1069 quon

176 1070 213 1127 de
227 1068 431 1128 consuetudine
451 1068 549 1126 utitur
567 1067 696 1127 Ecclesia
718 1069 754 1127 in
772 1068 842 1127 aliis
857 1068 992 1128 articulis
1010 1068 1136 1147 majoris
1156 1070 1384 1131 excommunico·

175 1148 264 1208 tionis
275 1149 429 1207 sententias
429 1146 626 1223 fulminando
634 1169 648 1219 ,·
667 1148 795 1207 uidelicet
805 1167 871 1208 uun
880 1168 961 1207 auce
970 1158 1070 1222 xum,
1076 1150 1219 1226 parisatis
1227 1150 1382 1229 campani,

176 1228 304 1288 candelio
316 1229 449 1299 coccinio,
463 1236 489 1287 et
501 1228 536 1286 iu
549 1236 657 1287 urram
664 1228 801 1305 prrq'ectis
814 1237 840 1289 et
853 1228 993 1303 extinctis,
1008 1238 1034 1289 et
1047 1238 1151 1289 cetera.
1239 1228 1242 1233 ’

235 1383 376 1459 Sequitur
388 1384 423 1442 de
443 1381 627 1456 absolutione,
642 1391 668 1442 et
681 1382 765 1442 moolo
779 1392 805 1443 et
817 1383 990 1443 oucwrimte
1008 1384 1183 1443 absoluendi
1206 1406 1230 1445 a
1248 1386 1381 1447 murm

175 1462 478 1524 excommunicationis
490 1461 597 1538 majore
611 1471 637 1521 et
656 1462 774 1522 minore.
817 1464 859 1521 Et
877 1472 919 1523 est
937 1464 1097 1537 sciusdum,
1111 1466 1200 1541 quod
1217 1464 1380 1543 pannuli&

175 1544 211 1602 in
223 1542 328 1619 forma
351 1541 537 1618 consessionis
557 1542 776 1607 sacranuntolss
792 1543 882 1619 prius
902 1552 943 1603 est
957 1542 1135 1620 panitsntia
1148 1544 1379 1623 injawmd

177 1632 375 1697 consequenter
387 1622 527 1681 absolutio
539 1622 723 1699 imponendo,
737 1624 790 1682 sul
803 1623 988 1698 laesum:

237 1703 309 1777 Ego,
324 1704 499 1760 auctoritato
519 1702 578 1760 Dei
598 1701 698 1760 Patris
718 1702 930 1780 omnipotentis
951 1709 984 1762 st
1002 1702 1162 1763 batorum
1183 1704 1377 1783 apostolorum

176 1781 262 1843 Petri
281 1789 311 1840 st
331 1782 419 1840 Pauli
441 1787 472 1840 et
492 1782 580 1841 officii
599 1782 675 1839 mihi
694 1783 728 1840 in
742 1783 796 1841 hac
815 1788 899 1859 parts
918 1782 1074 1856 commissi,
1088 1782 1218 1843 absolvo
1236 1790 1271 1845 ts
1283 1786 1322 1845 ab
1339 1784 1379 1843 ti·

175 1863 302 1941 peccatis
321 1863 396 1919 mihi
416 1881 468 1938 per
480 1867 511 1920 te
524 1861 669 1934 confessis,
684 1868 715 1921 st
728 1863 766 1920 ab
779 1861 845 1921 aliis
858 1863 895 1921 de
914 1862 1023 1940 quibus
1041 1881 1105 1922 non
1122 1864 1305 1925 romularis.
1343 1864 1378 1923 In

176 1943 296 2004 nomino
309 1943 417 2014 Patris,
427 1946 463 2000 'et
476 1942 555 2013 Filii,
570 1946 601 2000 et
615 1941 744 2018 Spiritus
757 1942 866 2003 Sancti.
908 1942 1017 2001 Amen.

236 2022 278 2080 ln
292 2031 377 2081 const.
393 2030 444 2080 oct.
459 2041 522 2098 cap.
539 2022 686 2092 Quoniam
699 2041 782 2095 casm,
797 2021 966 2097 laesorma
978 2020 1146 2082 absolomdi
1159 2024 1322 2085 ἠναάίὺιινε

238 2102 310 2177 Ego,
325 2101 502 2159 auctoritate
519 2121 579 2178 qua
595 2102 710 2179 fungor,
725 2102 845 2161 absolvo
860 2109 892 2160 ts
909 2122 927 2160 a
943 2102 1070 2178 peccatis
1087 2102 1151 2161 tuis
1168 2102 1209 2163 ds
1226 2106 1339 2181 quibus
1351 2122 1378 2163 α
1418 2112 1421 2123 “

177 2184 322 2240 contritus
334 2188 365 2239 et
378 2182 453 2238 mihi
466 2183 613 2239 consessus
622 2201 631 2254 3
648 2188 679 2240 ot
692 2181 840 2240 Dominus
851 2188 883 2241 to
895 2181 1037 2241 absolvat.
1079 2180 1121 2241 In
1132 2184 1264 2245 nomino
1277 2184 1378 2259 Patris,

178 2267 209 2319 et
223 2262 302 2334 Filii,
319 2268 350 2319 et
364 2261 493 2337 Spiritus
507 2260 617 2319 Sancti
659 2262 766 2319 Amen.
1419 2284 1421 2321 ;

237 2342 278 2399 Et
292 2342 369 2400 debet
385 2342 530 2417 proemitti
550 2341 652 2411 oratio,
667 2342 846 2399 Misercatur
866 2340 913 2399 tui
930 2340 1117 2419 omnipotens
1139 2340 1238 2417 Deus,
1254 2364 1294 2405 uc
1305 2344 1380 2421 sotto

177 2423 288 2496 effectus
301 2421 476 2480 sacrementi
487 2420 667 2498 impediatur
680 2441 714 2479 ex
721 2430 809 2497 parte
816 2421 992 2497 poenitentis.

239 2502 279 2559 Et
301 2510 369 2578 post
396 2500 602 2559 absolutionem
623 2501 819 2560 conuenienter
837 2500 1005 2577 apponitur,
1026 2500 1066 2559 In
1082 2502 1210 2561 nomino
1231 2502 1338 2564 Patris
1353 2510 1380 2565 st

178 2580 250 2639 Filii
270 2587 301 2639 et
321 2581 451 2658 Spiritus
472 2581 580 2638 Sancti.
622 2580 732 2653 Amen,
753 2581 795 2639 ad
812 2580 1037 2653 insinuandum,
1059 2582 1140 2657 quod
1159 2580 1310 2645 Sacerdos
1327 2604 1381 2645 nos

172 2661 299 2743 propria
321 2661 493 2719 auctoritate
515 2660 642 2733 obsolvit,
657 2660 708 2719 secl
727 2660 814 2736 quasi
834 2660 988 2721 minister:
1008 2668 1106 2720 tanton
1124 2660 1181 2721 ltoe
1201 2662 1380 2741 reliquit&

176 2742 340 2801 Sacerdotis
354 2741 484 2800 arbitrio.
526 2740 587 2799 Nec
603 2741 766 2815 requiritur
778 2740 813 2799 in
825 2739 1002 2800 absolcctiom
1014 2758 1123 2800 morsus
1134 2741 1302 2819 impositio,
1315 2744 1380 2821 quio

176 2823 228 2881 lsoc
249 2831 463 2881 sacrantem-um
476 2841 536 2879 uon
559 2821 716 2878 ordinatur
739 2822 780 2879 ad
800 2822 1009 2897 exsequendum
1027 2820 1164 2897 Quam
1186 2824 1381 2885 cxocHsntian

175 2903 287 2979 qratia,
302 2902 353 2960 sed
365 2902 405 2959 ad
417 2901 612 2959 remissionem
626 2900 725 2976 culpoa
740 2909 767 2959 et
780 2902 843 2959 ideo
860 2901 955 2976 moqis
974 2901 1106 2979 conmotit
1124 2902 1225 2963 crucis
1246 2904 1378 2983 aarum,

176 2982 322 3057 quiafuit
335 2981 562 3039 instrumentum
573 2989 679 3039 nostra
691 2980 902 3056 redemptionis.

237 3061 388 3120 Absolutio
402 3081 422 3119 a
435 3061 546 3119 minore
559 3060 850 3119 excommunicatione
868 3058 1062 3136 impendanda
1074 3068 1116 3119 cst
1128 3060 1185 3121 sui
1197 3060 1257 3123 lac
1268 3064 1376 3139 soum.

177 3140 454 3200 Excomoucnioatus
467 3139 757 3198 excommunicatione
769 3140 888 3212 utiliore,
900 3143 1070 3215 confiteatur
1078 3160 1108 3199 ss
1120 3159 1180 3201 csso
1188 3144 1379 3205 &commmi-

177 3229 283 3290 eotum,
304 3228 330 3277 et
352 3239 472 3277 causam
493 3220 653 3296 specialiter
673 3220 818 3296 exprimat
834 3239 893 3296 pro
915 3240 975 3295 qua
994 3220 1267 3285 excommunicatus
1286 3234 1334 3299 sse,
1353 3235 1376 3283 st

171 3308 256 3381 potat
268 3318 296 3357 se
310 3299 424 3368 absolui,
439 3309 465 3357 et
478 3300 528 3358 ltoc
542 3320 561 3357 a
569 3299 692 3377 proprio
705 3300 847 3358 sacerdote
852 3300 924 3375 Jteri
930 3307 1031 3375 potest

237 3380 278 3436 Et
305 3378 382 3437 debu
402 3380 533 3438 sacerdos
558 3379 616 3437 lac
641 3380 727 3438 uerba
753 3379 797 3437 uel
821 3377 933 3437 similia
959 3378 1071 3439 dicero:
1099 3379 1298 3443 Auctorituts
1322 3400 1375 3461 qus

177 3460 293 3536 fungor,
308 3458 428 3517 absolvo
445 3464 476 3517 te
499 3460 536 3517 ab
550 3459 633 3517 omni
645 3459 764 3517 vinculo
777 3458 1089 3517 excommunicationis
1103 3458 1252 3521 minoris:
1271 3462 1317 3523 acl
1329 3462 1373 3533 sit,

177 3540 327 3599 avincula
350 3540 663 3598 excommunicationis
682 3559 741 3617 qua
763 3539 873 3615 ligatus
892 3557 923 3596 ss
943 3556 996 3614 pso
1015 3538 1071 3595 tali
1088 3538 1181 3615 iacto,
1194 3540 1373 3619 capsim

177 3621 255 3678 illud
260 3620 380 3693 sactum
399 3620 434 3677 in
447 3619 571 3696 speciali,
586 3625 617 3677 et
629 3620 820 3677 sacramentis
843 3618 970 3677 ecclesias
983 3622 1015 3677 ts
1026 3618 1162 3679 restituo.
1205 3620 1248 3681 In
1262 3622 1373 3683 nomint

178 3699 287 3773 Patris,
302 3708 332 3759 et
346 3700 426 3772 Filii,
441 3708 472 3758 et
486 3700 614 3776 Spiritus
628 3699 737 3757 Sancti.
779 3699 887 3756 Amen.

237 3782 280 3839 Et
297 3780 396 3855 potius
409 3790 449 3840 est
469 3778 610 3838 absolutio
626 3780 668 3837 sic
688 3779 874 3854 imperanda,
888 3798 955 3838 cum
974 3776 1057 3837 nerto
1078 3776 1246 3853 simulatis
1266 3776 1374 3843 mutui

178 3881 269 3938 quam
277 3861 414 3937 pluralis,
430 3860 589 3919 secundum
603 3858 740 3934 tlceoloqos
753 3859 888 3934 quamuis
904 3856 1070 3918 llostionsis
1081 3858 1170 3917 olitsr
1182 3860 1276 3923 dicat.

239 3940 282 3999 In
294 3941 471 3999 absolutione
485 3961 504 3998 a
522 3938 631 4015 majori
643 3938 933 3997 cxcommunicotioru
954 3946 1024 3997 sunt
1037 3946 1180 4013 quattuor
1191 3938 1370 4003 alumnia

177 4020 317 4081 Primum
330 4030 370 4080 est
383 4021 461 4096 quod
481 4018 744 4080 excommunicatus
753 4017 837 4094 juret
850 4038 878 4077 se
891 4027 966 4077 stare
982 4016 1135 4077 omnious
1150 4020 1286 4083 σοοὶωἰω.
1323 4018 1372 4081 Sol

178 4100 440 4177 lsocjuramentum
454 4122 514 4159 non
527 4109 566 4159 est
576 4101 612 4158 de
624 4099 789 4157 substantia
798 4098 996 4157 absolutionis.
1045 4096 1166 4157 Undeet
1179 4100 1209 4159 si
1217 4104 1371 4169 omittatur.

177 4180 275 4256 (quod
287 4189 383 4239 tamen
392 4181 463 4254 fleri
475 4201 535 4239 non
548 4178 643 4256 debet)
656 4198 716 4236 non
728 4178 829 4236 miuus
843 4186 916 4236 tenu
927 4176 1087 4243 absolutio„
1119 4178 1219 4239 Pom
1232 4182 1272 4243 cs
1281 4176 1373 4277 pasis

178 4278 221 4317 un
226 4259 333 4335 jurare
345 4261 444 4319 debent
456 4261 573 4336 judicio
588 4260 783 4334 relinquatur.
824 4257 964 4316 Mulieres
975 4276 1041 4316 uero
1059 4256 1272 4323 indubitanter
1277 4274 1372 4341 jum

179 4340 285 4400 debent.
327 4338 493 4400 Secundum
509 4350 549 4399 est
562 4348 597 4399 ut
609 4341 637 4398 si
649 4337 716 4415 quis
729 4337 992 4398 excommunicatus
1005 4355 1065 4415 pro
1083 4340 1209 4401 notaria
1221 4338 1372 4419 offsussifl
1414 4352 1421 4475 4·
