2850 4800
178 281 225 361 ’110
552 295 734 382 Doscqac'ae
754 274 1007 384 Defuncto'roou.

243 459 404 534 Miserator
416 482 448 534 ot
460 476 625 536 misericors
639 479 805 537 Dominus:
825 478 949 556 patiens,
965 484 996 538 et
1009 461 1138 538 multum
1151 477 1326 538 misericors.

244 573 349 632 Suavis
358 574 507 632 Dominus
514 575 678 635 universis:
692 581 723 633 et
730 576 933 635 miserationes
941 577 1004 653 ejus
1012 596 1100 655 super
1107 575 1207 635 omnia
1215 595 1307 654 opera
1315 576 1387 653 ojus

177 681 181 704 ¹
244 670 450 730 Oonfiteantur
461 673 527 746 tibi,
540 673 679 746 Domine,
689 673 790 732 omnia
803 693 891 752 opera
904 680 975 735 tua:
997 680 1028 734 et
1041 674 1137 734 sancti
1148 675 1197 734 tui
1209 673 1388 733 benedicant

181 763 246 821 tibi.

230 853 232 856 ’
246 852 478 939 (1111111111μί
490 862 538 919 tui
551 853 651 920 dicent
664 881 671 920 :
694 867 725 919 11
735 862 900 939 potentiam
913 867 998 921 tuam
1010 863 1189 939 loquentur:

246 955 294 1014 Ut
307 963 410 1016 notam
423 959 534 1017 faciant
553 958 624 1016 filiis
643 959 799 1017 hominum
818 959 984 1038 potentiam
1004 965 1105 1018 tuam:
1125 965 1156 1018 et
1169 960 1296 1036 gloriam
1309 978 1388 1037 mag-

178 1053 438 1133 116111111111311
451 1056 508 1115 tui.
540 1091 542 1094 -
627 1070 630 1076 ’

246 1151 386 1229 Regnum
402 1158 496 1237 ¹tuum
517 1173 643 1231 regnum
667 1153 800 1211 omnium
823 1152 1017 1212 sicomorum:
1044 1160 1075 1211 et
1096 1151 1259 1212 dominatio
1280 1139 1388 1212 tuain

183 1249 268 1305 omni
280 1250 471 1326 generatione
483 1256 515 1308 et
528 1251 756 1328 generationem.
798 1250 909 1308 Fidelis
930 1250 1077 1309 Dominus
1090 1250 1124 1307 in
1137 1251 1276 1310 omnibus
1290 1251 1388 1310 verbis

181 1345 243 1402 suis
256 1366 262 1404 :
286 1352 317 1403 et
330 1353 449 1405 sanctus
462 1347 496 1404 in
510 1347 646 1405 omnibus
660 1346 796 1424 operibus
809 1347 878 1405 suis.

174 1476 179 1520 5
246 1442 370 1501 A-llev'at
384 1443 532 1502 Dominus
545 1464 655 1517 omnes,
670 1444 723 1520 qui
735 1450 897 1501 corruunt:
921 1448 952 1501 et
966 1442 1055 1520 erigit
1068 1462 1169 1502 omnes
1181 1443 1276 1502 elisos.

175 1595 177 1599 .
247 1539 334 1596 Oculi
352 1540 486 1597 omnium
509 1541 542 1598 in
564 1547 594 1598 11
612 1545 741 1616 sperant,
757 1539 903 1597 Domine:
933 1544 964 1596 et
977 1544 1012 1596 tu
1032 1538 1085 1596 das
1105 1558 1200 1596 escam
1220 1539 1342 1598 illorum
1355 1539 1388 1598 in

181 1640 314 1711 tempore
328 1642 501 1712 opportuno.
900 1654 903 1659 ·
1271 1642 1276 1650 '

243 1731 352 1806 Aperis
366 1738 401 1789 tu
415 1752 537 1789 manum
550 1738 652 1789 tuam:
674 1737 705 1789 et
718 1732 823 1809 imples
837 1751 923 1790 omne
937 1731 1048 1789 animal
1060 1731 1272 1791 benedictione.

176 1813 179 1818 ’
243 1827 350 1885 Justus
385 1827 534 1887 Dominus
561 1830 594 1886 in
622 1829 759 1887 omnibus
786 1829 844 1887 viis
871 1829 950 1887 suis:
984 1834 1015 1886 et
1042 1834 1162 1886 sanctus
1188 1828 1222 1885 in
1249 1828 1389 1888 omnibus

176 1925 318 2001 'operibus
328 1926 400 1984 suis.
505 1938 507 1941 '
698 1940 701 1942 ’
810 1938 812 1941 ’
1030 1937 1032 1942 ’
1118 1936 1120 1940 ’

205 2013 213 2023 “’
242 2010 339 2098 Prope
363 2029 408 2081 est
429 2023 576 2082 Dominus
597 2023 734 2081 omnibus
757 2023 965 2082 invocantibus
985 2043 1071 2082 eum:
1096 2022 1233 2081 omnib'us
1248 2022 1389 2081 invocan-

181 2119 263 2178 tibus
276 2140 345 2179 eum
358 2123 391 2179 in
404 2122 539 2181 veritate.

176 2271 179 2275 .
215 2272 218 2276 Α
231 2219 440 2280 Voluntatem
459 2219 633 2278 timentium
646 2239 677 2278 11
690 2218 786 2290 faciet,
802 2225 833 2276 et
847 2218 1082 2295 deprecationem
1097 2237 1204 2276 eorum
1224 2216 1385 2276 exaudiat:

182 2317 324 2375 etsalvos
336 2318 424 2377 faciet
438 2318 494 2376 eos.
549 2340 551 2344 ⁴
588 2340 591 2348 ¹
791 2317 794 2322 ’
1041 2334 1045 2339 ·
1208 2313 1210 2316 ⁴
1329 2333 1333 2338 ’

244 2414 383 2474 (1111111111
417 2415 565 2474 Dominus
598 2433 699 2473 omnes
739 2413 895 2490 diligentes
929 2432 979 2470 se:
1019 2418 1050 2470 et
1084 2431 1185 2471 omnes
1219 2416 1388 2489 peccatores

182 2510 339 2588 disperdet.

241 2602 458 2668 Laudationem
481 2609 606 2668 Domini
626 2609 765 2685 loquetur
789 2627 821 2666 os
842 2626 958 2665 meum:
985 2610 1015 2664 et
1028 2606 1183 2666 benedicat
1202 2607 1300 2665 omnis
1320 2625 1388 2666 eam

185 2704 300 2761 nomini
313 2711 415 2764 sancto
428 2707 492 2781 ejus
504 2707 538 2762 in
551 2705 701 2777 saeculum,
715 2711 746 2761 et
759 2704 793 2760 in
805 2702 946 2763 saeculum
958 2701 1065 2760 saeculi

241 2799 391 2860 Sacerdos.
435 2802 736 2878 Requiem'aeternam
750 2801 827 2859 dona
840 2801 891 2874 eis,
906 2800 1053 2858 Domine:
1155 2836 1158 2841 ·
1199 2808 1202 2816 '
1274 2794 1279 2808 ”

347 2901 384 2958 R.
468 2900 510 2957 Et
523 2901 577 2958 lux
590 2906 733 2976 perpetua
746 2899 844 2958 luceat
858 2900 908 2957 eis.

374 3075 376 3080 ,
431 2999 526 3056 Oredo
540 2999 640 3057 videre
653 2999 732 3056 bona
745 2998 870 3057 Domini
884 3019 891 3056 ε

470 3096 509 3152 Ι1
523 3102 603 3154 terra
614 3096 792 3155 vivencium.

429 3193 462 3250 A
475 3194 680 3270 portainferi:

472 3290 561 3363 Erue,
577 3274 714 3360 Domine,
728 3290 842 3348 animas
857 3309 967 3347 eorum.

429 3387 578 3444 Dominus
591 3386 752 3445 vobiscum.

182 3495 185 3503 ¹
243 3482 345 3542 Oratio
354 3503 412 3560 pro
425 3484 576 3561 Episcopo.
620 3484 711 3556 Deus,
726 3483 779 3561 qui
791 3468 871 3543 inter
879 3484 1065 3561 apostolicos.

240 3579 303 3639 Pro
315 3581 474 3642 Sacerdote.
509 3581 618 3640 Oratio.
656 3581 852 3658 Omnipotens
865 3583 1044 3660 sempiterne
1057 3582 1150 3657 Deus,
1161 3581 1211 3641 cui
1220 3601 1384 3658 nunquam.

98 3681 103 3692 '
178 3687 183 3693 ”
241 3678 441 3754 Profomulo.
481 3679 608 3753 Inclina,
623 3679 761 3752 Domine,
776 3699 878 3737 aurem
893 3683 984 3738 tuam.

241 3775 441 3851 Prosomclo.
485 3777 670 3848 Quaesumus,
684 3776 822 3850 Domine,
836 3796 891 3853 pro
903 3782 965 3836 tua.
1015 3848 1018 3853 Ι

184 3880 187 3886 ’
243 3873 345 3932 Oratio
377 3873 527 3950 9111111111.
583 3873 762 3945 Animatus,
803 3876 981 3951 quaesumus,
1024 3871 1162 3946 Domino,
1205 3871 1386 3932 famulorum

180 3969 417 4048 famularumque
443 3976 563 4030 tuarum
590 3971 685 4029 oratio
718 3970 853 4048 proficiat
886 3969 1137 4047 supplicantium
1171 3975 1207 4029 ut
1225 3990 1283 4045 eas
1309 3975 1341 4031 et
1363 3962 1386 4030 'a

178 4069 303 4145 peccatis
317 4068 455 4127 omnibus
469 4087 569 4142 exuas,
584 4074 616 4126 et
629 4067 913 4146 tuaredemptiouis
932 4068 1022 4126 facias
1037 4087 1101 4127 1111
1114 4068 1281 4146 participes
1326 4068 1386 4139 Qui

178 4166 255 4224 vivis
268 4171 300 4224 11
313 4185 426 4244 regnas.

179 4267 185 4287 ⁴
240 4262 474 4322 Rectcroeclori.
517 4261 834 4340 Requiescatin‘pace.

240 4357 362 4420 Otorus.
405 4360 514 4417 Amen.
