2866 4846
181 296 262 361 160*
484 290 627 361 osone
640 291 688 359 ae
701 289 912 359 nantem
924 290 1130 380 nomm

755 556 817 625 IV.

183 745 304 805 FROM
317 743 406 802 THE
416 741 678 802 PONTIFIOAL
691 740 742 800 IN
755 740 844 799 ΤΗΕ
857 739 1059 801 LIBRARY
1071 740 1132 801 oF
1147 740 1399 805 MAGDALmt

475 838 674 912 OOLLEGE,
697 836 886 897 OXFORD.
925 836 1001 897 Sne.
1022 836 1107 899 XII.

243 1011 286 1069 In
299 1008 569 1085 desponsationibus
580 1014 648 1065 ante
661 1004 770 1065 estimes
779 1005 915 1067 Ecclesiae
926 1015 1102 1067 statuantur
1109 1028 1252 1087 sporum
1264 1020 1295 1073 st
1306 1032 1398 1091 pom

184 1102 210 1153 et
222 1087 435 1168 paranymphi,
450 1108 471 1145 a
487 1087 594 1163 quibus
606 1087 742 1162 inquirat
754 1086 895 1147 Sacerdos
907 1106 951 1145 cn
961 1108 1087 1165 spasmus
1102 1099 1135 1149 st
1154 1110 1274 1169 spem
1287 1092 1399 1171 hqitim

183 1172 331 1232 corscnsire
348 1169 465 1245 possint
473 1189 486 1237 ,·
513 1188 550 1226 ne
563 1167 669 1226 scilicet
686 1174 741 1226 ant
762 1167 1014 1243 emmarepninitato
1034 1177 1092 1227 ant
1112 1170 1232 1249 aliquia
1255 1172 1398 1251 spirituaii

183 1252 288 1330 copulo
303 1249 404 1326 juncti
426 1248 494 1307 sint.
539 1247 652 1319 Qnibne
673 1248 818 1319 messis,
841 1247 996 1324 interrapet
1017 1246 1170 1311 &aedos
1192 1272 1340 1329 spmssum
1350 1272 1397 1333 pec

179 1331 335 1411 proprium
347 1349 453 1387 narsen
466 1328 510 1386 ita
522 1347 532 1384 .·

244 1412 284 1470 N.
307 1410 365 1468 Vis
377 1409 454 1466 hsnc
467 1407 625 1467 feminam:
645 1406 673 1465 si
684 1407 870 1484 responderit,
884 1405 986 1468 Volo.-
1007 1407 1090 1467 dioat
1102 1410 1135 1469 si
1147 1410 1307 1473 Sacerdos.

244 1492 303 1550 Vis
316 1509 381 1549 eam
395 1506 511 1547 servare
527 1488 561 1545 in
575 1487 634 1545 Dei
647 1487 706 1545 fide
719 1492 750 1545 et
761 1487 796 1545 in
810 1491 863 1545 tus
876 1494 907 1545 et
920 1487 952 1545 in
966 1488 1097 1548 sanitate
1110 1496 1147 1549 st
1160 1492 1199 1551 in
1215 1492 1393 1563 infirmitate,

183 1573 260 1632 sicut
274 1570 462 1630 Christianus
474 1569 563 1626 homo
576 1567 665 1625 debet
677 1587 762 1626 suem
775 1586 913 1644 sponsam
925 1586 1051 1628 servare.

244 1650 388 1711 Similiter
413 1650 567 1724 interropet
593 1666 750 1724 sponsans:
788 1647 817 1706 si
844 1648 1030 1725 responderit,
1058 1647 1168 1711 Volo:
1207 1652 1351 1715 Sacerdos
1371 1662 1393 1713 et

179 1744 327 1812 patronus
339 1749 450 1809 sponsoe
463 1729 531 1787 dent
543 1729 640 1804 ipsam
652 1747 756 1804 sponsa
766 1746 821 1804 par
832 1726 985 1786 dentem

249 1814 351 1873 Postea
364 1809 503 1869 Sacerdos
516 1809 563 1867 det
575 1827 686 1884 sponsa
699 1826 824 1884 suaper
836 1806 982 1867 cubadum
991 1806 1095 1868 dotem
1141 1810 1268 1873 Deinde
1273 1820 1394 1891 ponatur

184 1894 316 1953 anrtntns
330 1911 395 1951 nem
409 1888 540 2028 dgncms
552 1888 769 1965 despmesabibns
780 1906 867 1964 seper
879 1895 994 1947 sndnm
1006 1896 1033 1949 et
1046 1888 1277 1953 benedicerem.

247 1975 380 2032 Oremus.
449 1976 555 2027 centor·

247 2055 317 2113 Post
334 2050 556 2110 benedictionem
572 2047 689 2121 annuli,
704 2066 828 2124 mermes
840 2047 939 2124 spnnn
958 2047 1109 2107 arcnnlsnn
1135 2052 1275 2129 accipiat
1287 2062 1314 2115 a
1325 2053 1393 2113 dicat

181 2155 237 2212 per
249 2132 429 2193 sacerdotem.

246 2213 287 2271 N.
310 2211 358 2270 De
378 2211 436 2268 isto
457 2209 567 2267 annulo
587 2213 618 2266 te
638 2207 772 2267 honoro:
792 2207 874 2266 istud
894 2216 1051 2284 argentum
1069 2209 1131 2267 tibi
1144 2210 1208 2271 do:
1231 2218 1266 2273 et
1286 2214 1324 2273 (le
1339 2232 1395 2273 mse

186 2313 305 2370 corpore
319 2299 350 2350 te
371 2292 529 2368 desponsa:
565 2289 605 2347 In
625 2288 746 2347 nomine
759 2287 869 2363 Patris,
885 2288 920 2347 in
933 2287 1039 2365 pallies
1048 2310 1062 2361 ;
1084 2296 1117 2349 et
1135 2288 1223 2361 Filii,
1237 2294 1277 2355 in
1288 2294 1396 2363 iodim

186 2381 217 2433 et
231 2373 360 2450 Spiritus
374 2371 485 2442 Sancti,
499 2371 534 2427 in
546 2369 641 2428 medio
655 2367 756 2443 enin.

248 2454 333 2512 Tunc
346 2452 425 2588 ἆξαι
438 2450 584 2510 Sacerdos.
630 2447 744 2507 Mende
757 2448 847 2519 Deus,
862 2456 888 2507 st
900 2456 992 2509 nura
1005 2458 1040 2507 nt
1052 2468 1159 2527 snpra,
1174 2472 1205 2530 p.
1222 2452 1277 2515 28.

248 2534 350 2593 Gloria
391 2531 457 2589 stri

248 2614 344 2690 Kyrie
360 2611 488 2688 eleyson.
531 2610 622 2667 Peter
636 2613 738 2668 nostor
753 2617 779 2668 et
801 2608 907 2667 Preces
928 2628 996 2667 nnn
1013 2608 1129 2669 collecta
1143 2611 1275 2673 Exaudi
1286 2634 1342 2675 nos
1349 2634 1360 2689 3
1374 2622 1399 2673 st

181 2704 249 2771 post
272 2695 382 2752 intrent
410 2710 508 2750 omnes
537 2690 572 2747 in
596 2688 756 2748 Ecclesiam
780 2698 938 2761 cantantes,
960 2689 1050 2748 Booti
1083 2708 1191 2753 omnes
1215 2696 1276 2771 qui
1296 2696 1400 2755 timont

187 2775 360 2846 Dominum,
375 2792 466 2848 usqne
483 2771 520 2828 in
534 2773 623 2840 fineen
636 2789 703 2827 cnm
716 2768 820 2827 Gloria
839 2769 933 2842 Petri,
947 2779 975 2829 et
990 2768 1084 2829 Peter
1095 2778 1211 2849 noant,
1226 2784 1258 2835 st
1268 2776 1401 2855 precibus

186 2865 213 2915 et
226 2855 345 2915 statutis
358 2850 602 2911 benedictionibus
614 2850 694 2908 dicat
707 2848 848 2908 Sacerdos
860 2869 948 2927 serpes·
960 2869 1007 2909 eos
1018 2858 1087 2909 ants
1099 2850 1206 2913 altars.

248 2935 327 2995 Onne
349 2942 446 2992 autern
467 2932 509 2989 ad
530 2931 655 2989 Sanetus
681 2938 799 2988 centnm
810 2928 919 3005 fucrit,
943 2930 1035 2989 simul
1046 2934 1199 3007 prostrati
1217 2944 1294 2995 ante
1313 2936 1400 2995 abaco

179 3016 300 3092 jaceant
324 3023 350 3072 et
372 3013 504 3089 pattinrn
531 3030 618 3087 snper
640 3029 686 3069 eos
709 3017 840 3068 nentem
860 3029 952 3086 nsqne
972 3010 1013 3068 ad
1032 3008 1101 3069 Pax
1121 3010 1266 3091 Domini,
1292 3026 1321 3075 et
1339 3024 1399 3095 post

186 3096 326 3156 Sacerdos
339 3114 367 3152 se
381 3093 422 3150 ad
435 3112 480 3150 ecs
492 3099 584 3148 certat
598 3099 624 3149 et
637 3091 781 3148 orationes
793 3110 881 3165 saper
893 3110 938 3149 eos
951 3090 1039 3151 dicdt.

248 3177 352 3234 Postea
365 3173 437 3230 dane
448 3173 556 3249 Agnus
569 3170 629 3228 Dei
637 3170 756 3243 dicitnr,
767 3169 1041 3247 cscnktnrsponsns
1051 3168 1289 3237 Smmm
1300 3174 1396 3237 dogna,

187 3277 274 3315 snam
289 3273 432 3329 prensam.

249 3333 415 3393 Benedictio
429 3331 545 3389 annuli.

250 3414 398 3474 Dominus
411 3411 571 3471 vobiscum.

250 3496 373 3555 Creator
387 3498 417 3550 et
430 3497 625 3564 conservator,
641 3498 668 3550 ct
681 3498 772 3549 cetera
784 3498 819 3548 nt
831 3510 933 3567 snpra,
947 3509 978 3568 p.
992 3490 1040 3549 27.

249 3577 308 3635 Hic
330 3574 415 3633 detur
438 3571 577 3643 annulus,
593 3580 620 3630 ct
635 3571 714 3630 dicat
733 3569 875 3630 Sacerdos
895 3570 1010 3629 Mende
1024 3571 1109 3631 Deus
1127 3590 1200 3633 crnn
1214 3574 1356 3653 precibus
1372 3582 1395 3633 ct

188 3657 311 3730 collecta,
327 3654 447 3712 Exaudi
459 3672 523 3724 nos,
538 3651 733 3728 omnipotens.

247 3739 289 3796 Et
307 3745 375 3814 post
398 3735 509 3791 intrent
535 3752 633 3791 omncs
657 3732 692 3789 in
712 3730 874 3790 Ecclesiam
899 3739 1059 3803 cantantes,
1081 3730 1174 3791 Beati
1200 3752 1310 3797 omnes
1336 3754 1395 3795 cun

183 3819 326 3896 precibus,
341 3826 367 3874 et
380 3815 434 3873 bas
447 3814 652 3873 benedictiones
665 3832 752 3887 snper
765 3831 811 3871 eos
823 3812 904 3871 dicat
916 3820 985 3870 arete
996 3810 1113 3878 altars:

250 3897 389 3968 Benedic,
405 3894 542 3964 Domine,
556 3893 753 3951 adolescentes
766 3892 848 3963 istos,
862 3900 889 3952 et
902 3900 993 3951 cetera
1005 3898 1041 3949 nt
1053 3910 1157 3969 snpra,
1171 3912 1201 3971 p.
1217 3892 1273 3955 28.

249 3978 328 4036 Atia.
372 3976 505 4051 Respice,
521 3973 660 4044 Domine,
676 3972 713 4031 de
726 3972 806 4045 caelo,
821 3981 847 4030 et
861 3980 951 4031 cetera
963 3979 999 4030 nt
1010 3990 1112 4049 snpra,
1124 3991 1157 4050 p.
1172 3972 1224 4034 21.

250 4058 328 4116 Alio.
372 4057 454 4113 Deus
471 4054 636 4126 Abraham,
651 4054 733 4110 Deus
752 4052 845 4124 Isaeo,
861 4052 943 4111 Deus
959 4051 1064 4125 Jacob,
1081 4052 1123 4109 sit
1139 4052 1320 4117 vobiscum:
1338 4054 1394 4133 ipre

190 4158 243 4199 vos
257 4140 321 4216 conj
326 4143 428 4212 unget,
443 4135 626 4211 impleatque
639 4132 787 4191 Dominus
803 4132 1040 4191 benedictionem
1051 4150 1136 4191 susm
1149 4132 1186 4193 in
1198 4136 1298 4197 vobis

250 4220 330 4277 Atia.
375 4216 535 4274 Benedicat
555 4234 617 4284 vos,
638 4214 721 4271 Deus
742 4213 853 4286 Peter3
876 4212 1026 4271 custodiet
1044 4230 1106 4283 vos,
1124 4210 1222 4273 Jssns
1246 4214 1393 4286 Obrismn

189 4299 340 4357 illuminet
361 4297 564 4434 vosgSpiritus
584 4295 730 4367 Sanctus3
758 4293 952 4371 ostendatque
972 4292 1121 4352 Dominus
1139 4292 1262 4369 fidem,
1274 4304 1304 4357 a
1315 4304 1396 4359 m

190 4389 338 4454 utsupra,
354 4396 381 4454 p.
399 4379 415 4435 2
439 4420 446 4434 .
1078 4410 1082 4417 ·
