2850 4800
439 293 689 362 Benedictioma
712 294 894 362 Geaercles.
1204 300 1266 360 105

45 486 126 568 'hta
152 481 323 540 daemomm
349 484 381 538 et
407 479 554 556 superasti
585 479 719 556 passione
747 484 801 537 tua
828 482 1028 554 suggestorem
1060 475 1183 555 peccati,
1211 478 1263 552 qui

52 579 212 661 ,gaudebat
222 570 258 636 in
268 577 504 656 prevaricatione
523 577 614 654 primi
634 576 762 636 hominis
775 597 828 654 per
840 575 970 634 vetitum
984 574 1109 652 lignum.
1153 573 1266 632 Sancti-

61 677 127 751 fica,
140 677 281 750 Domine,
295 676 378 734 istud
398 675 582 752 signaculum
603 675 745 752 passionis
768 680 837 746 tuae,
851 679 887 732 ut
900 674 941 732 sit
954 671 1083 730 inimicis
1095 672 1157 730 tuis
1170 673 1264 730 obsta-

61 775 164 835 culum
189 779 221 834 et
243 773 432 833 credentibus
455 773 489 830 in
508 778 540 830 te
560 753 738 850 perpetuum
755 771 826 831 vitae
847 772 992 831 efficiatur
1011 768 1164 827 vexillum.
1207 768 1266 826 Per

28 858 33 866 ’
63 873 240 932 Dominum.

123 967 201 1052 [Hic
213 971 267 1028 dat
274 969 430 1046 peregrino
444 988 565 1026 crucam

122 1067 240 1144 Accipe
266 1066 452 1144 signaculum
478 1071 587 1123 sanctae
614 1065 708 1122 crucis
735 1064 768 1121 in
796 1084 854 1141 qua
881 1066 959 1124 salus
986 1067 1091 1124 mundi
1117 1066 1266 1144 pependit,

60 1164 184 1223 salvans
196 1164 340 1240 sauguine
353 1164 507 1222 mundum.

122 1262 212 1320 Daca
219 1261 347 1338 ponitur
360 1280 446 1336 super
455 1260 654 1318 vestimentum
667 1278 748 1333 crum
763 1261 1009 1322 dicontur-MS.
1025 1260 1135 1342 York.]

120 1359 271 1419 Pramus.
315 1359 376 1428 Qui
388 1359 513 1416 habitat.

122 1456 274 1514 Paruimus.
317 1458 430 1515 Levavi
443 1459 549 1516 oeulos.

122 1553 273 1613 Facimus.
317 1554 364 1613 De
377 1556 539 1633 profundis.

122 1651 225 1728 Kyrie
239 1650 365 1728 eleyson.
409 1653 528 1712 Christe
541 1654 668 1731 eleyson.
712 1654 809 1731 Kyrie
823 1654 948 1731 eleyson.
992 1713 998 1725 ,

123 1750 220 1807 Pater
232 1756 341 1807 noster.
384 1750 425 1806 Et
438 1770 476 1808 ne
489 1770 551 1808 nos.

124 1846 192 1922 Ego
206 1847 279 1919 dixi,
295 1847 432 1919 Domine,
447 1848 664 1906 misereremei.

125 1943 251 2000 Salvum
265 1944 311 2002 fac
325 1965 443 2003 servum
456 1952 551 2003 tuum.

127 2040 317 2112 Convertere,
333 2042 470 2117 Domine,
487 2063 659 2121 usquequo.

127 2137 202 2196 Esto
216 2139 252 2210 ei,
268 2139 405 2212 Domine,
420 2142 512 2198 turris
525 2141 711 2200 fortitudinis
725 2163 731 2200 :

157 2237 200 2303 ¹A
213 2237 288 2295 facie
300 2238 422 2295 inimici.

128 2334 266 2409 Domine,
281 2336 390 2392 exaudi
404 2336 566 2392 orationem
580 2355 694 2394 meam:

168 2431 210 2488 Et
224 2432 334 2490 clamor
346 2452 430 2503 meus
443 2432 481 2489 ad
494 2437 525 2489 te
538 2433 648 2492 veniat.

127 2528 276 2587 Dominus
289 2530 450 2587 vobiscum.
495 2531 627 2588 Oremus
673 2531 781 2589 Oratio.

127 2626 250 2700 Adesto,
281 2627 417 2700 Domine,
444 2630 707 2704 supplicationibus
731 2631 848 2701 nostris,
872 2635 902 2686 et
929 2629 1009 2685 viam
1036 2627 1141 2684 famuli
1164 2627 1211 2684 tui
1235 2630 1267 2684 in

65 2723 172 2780 salutis
199 2731 259 2780 tuae
287 2727 480 2801 prosperitate
508 2728 638 2803 dispone,
661 2733 696 2783 ut
720 2727 800 2784 inter
824 2746 924 2783 omnes
948 2726 1037 2803 hujus
1061 2726 1117 2783 viae
1141 2714 1266 2783 etritm
1312 2737 1315 2742 “

64 2823 226 2879 varietates
239 2827 293 2879 tuo
307 2842 420 2899 sempor
434 2831 605 2900 protegatur
619 2826 739 2880 arixilio.
783 2825 842 2881 Per
856 2824 1009 2881 Christum
1023 2824 1194 2880 Dominum.

130 2919 241 2978 Oratio,

128 3019 220 3089 Deus,
235 3019 288 3093 qui
302 3019 494 3095 diligentibus
507 3027 538 3077 te
552 3020 784 3077 misericordiam
801 3027 884 3078 tuam
901 3041 1016 3098 semper
1033 3020 1189 3097 impendis,
1206 3026 1235 3077 et
1250 3042 1267 3076 a

63 3114 263 3172 servientibus
284 3116 342 3172 tibi
356 3118 387 3174 in
402 3119 485 3174 nulla
499 3138 528 3175 es
543 3119 662 3194 regione
682 3117 879 3194 longinquus,
902 3119 996 3194 dirige
1009 3119 1089 3175 viam
1102 3118 1207 3174 famuli
1221 3118 1268 3174 tui

63 3214 95 3270 in
110 3213 270 3272 voluntate
284 3220 345 3286 tua,
357 3222 391 3272 ut
409 3223 439 3273 te
453 3223 619 3292 protectore
634 3223 663 3272 ct
678 3221 707 3272 te
721 3200 856 3291 praeduce
870 3237 922 3293 per
932 3217 1059 3292 justitiae
1073 3218 1192 3273 semitas
1206 3217 1269 3273 sinc

64 3311 228 3368 offensione
241 3314 402 3388 gradiatur.
447 3315 506 3372 Per
520 3314 683 3371 Dominum
698 3319 841 3371 nostrum.

128 3407 189 3464 Hic
204 3408 303 3466 tradat
317 3410 343 3466 ei
356 3412 556 3470 vestimentum
571 3432 637 3469 cum
652 3432 742 3483 cruce,
757 3412 854 3468 diceas
864 3435 873 3470 :

128 3506 242 3582 Accipe
255 3508 467 3566 vestimentum
482 3530 567 3566 cruce
588 3509 712 3566 Domini
732 3507 888 3565 salvatoris
908 3506 1067 3585 signatum,
1081 3514 1116 3566 ut
1130 3528 1183 3585 per
1196 3508 1271 3564 illud

66 3603 146 3660 salus
165 3609 196 3659 et
217 3605 382 3662 benedictio
405 3612 436 3662 et
451 3607 547 3663 virtus
560 3626 698 3682 prospere
718 3606 929 3682 proficiscendi,
944 3607 981 3663 ad
999 3607 1165 3684 sepulcrum
1178 3606 1271 3683 ipsius

66 3700 125 3756 tibi
138 3701 305 3760 comitetur.
350 3703 491 3773 Quicum
506 3704 606 3761 Patre.

131 3795 254 3876 [Oratio

129 3896 168 3951 In
192 3898 311 3955 nomine
336 3899 451 3958 Sanctae
472 3907 504 3958 et
524 3900 693 3959 Individuae
718 3901 882 3960 Trinitatis.
930 3903 977 3960 Sit
997 3902 1053 3958 tibi
1073 3899 1128 3956 hoc
1149 3898 1266 3974 signum

67 4000 176 4049 sanctae
187 3996 280 4051 crucis
289 3997 397 4073 jugum
408 3999 520 4056 Christi
533 4005 723 4056 mansuetum
734 4007 764 4058 et
773 4002 846 4072 leve,
859 4007 889 4059 et
899 3999 1044 4076 protectio
1054 4001 1162 4054 sanctae
1176 3994 1271 4052 crucis

68 4089 217 4148 custodiat
231 4098 270 4165 te,
285 4095 366 4152 etad
381 4096 572 4154 Hierusalem
586 4098 730 4156 caelestem
747 4103 778 4156 te
792 4097 935 4175 perducat
950 4094 1010 4167 Qui
1022 4092 1100 4152 vivit
1114 4098 1144 4150 et
1158 4096 1269 4168 regnat.

111 4184 114 4189 ’
133 4187 242 4248 Oratio.

130 4286 212 4344 Deus
233 4288 359 4347 infinitae
381 4292 597 4363 misericordias,
620 4294 783 4369 majestatis
805 4296 964 4366 immensae,
988 4311 1077 4369 quem
1098 4309 1153 4348 nec
1174 4288 1270 4365 spatia

68 4382 199 4442 locorum
221 4405 284 4444 nec
297 4388 454 4448 intervalla
475 4397 645 4468 temporum
658 4391 695 4450 ab
708 4391 755 4448 his
769 4410 843 4468 quos
856 4391 949 4449 tueris
963 4390 1131 4469 abjungunt
1139 4410 1149 4464 ,·
1170 4387 1271 4447 adesto
1365 4382 1366 4385 ’

1263 4655 1332 4789 f
