2850 4800
197 303 277 370 100¹
549 298 717 366 Manuale
731 298 779 364 ad
791 318 897 365 esum
909 298 1049 367 Sarum.

193 473 284 544 utque
304 465 521 545 confflsecrere
538 466 668 542 digneris
687 465 764 523 beno
776 472 917 543 patenum
930 464 965 524 in
976 466 1279 529 administrationem
1297 468 1397 531 lluelrs·

194 549 286 606 ristiae
306 548 329 605 J
330 567 381 605 esu
402 547 515 605 Ohn'sti
534 547 607 603 Filii
625 547 681 618 tui,
696 546 750 621 qui
770 566 823 623 pro
843 552 979 604 nostrum
998 547 1135 607 omnium
1156 548 1261 610 solute
1280 550 1399 631 seipsum

194 628 252 687 tibi
266 628 331 686 Deo
345 627 431 685 Patri
443 628 477 684 in
491 627 584 685 crucis
596 626 732 703 patibulo
744 627 834 704 elegit
846 627 1003 685 immolam
1044 626 1106 697 Qui
1119 633 1235 689 tecum

256 708 316 766 Hic
320 707 422 782 saciat
434 706 598 784 Episcopus
605 726 717 766 crateem
730 726 797 765 cum
805 707 909 783 pollice
922 708 958 766 de
967 706 1026 766 ohe
1033 716 1135 768 eundo
1147 720 1399 789 mperpulem:

194 796 221 849 ct
233 808 301 848 mox
314 789 403 846 liniat
417 797 507 847 totam
520 787 697 865 superficiem
710 788 854 864 cumipse
862 788 975 864 pollice,
989 787 1095 847 diem.

257 867 490 947 Oonfflsecrare,
518 874 549 926 et
575 866 805 946 senctifflficere
827 869 950 946 dignare
977 868 1108 927 Domine
1134 874 1285 947 petonem
1310 872 1398 945 istun,

193 968 246 1027 per
259 950 348 1008 istam
361 949 532 1007 unctionem
545 953 576 1007 et
596 954 729 1006 nostrum
741 954 874 1007 sanctam
890 948 1127 1009 benedictionem
1140 952 1176 1009 in
1197 951 1324 1013 Obristo
1335 952 1400 1015 Jesu

195 1030 326 1090 Domino
338 1037 448 1089 nostro.
492 1030 553 1100 Qui
566 1035 673 1087 tecum.

598 1241 766 1300 Pennino
786 1256 829 1299 nn
849 1256 990 1301 emens.

255 1391 389 1462 Oremus,
415 1388 598 1446 dilectissimi
619 1389 733 1461 fratres,
761 1394 797 1445 ut
821 1388 904 1445 Deus
926 1392 958 1446 et
981 1385 1133 1446 Dominus
1153 1394 1264 1449 noster
1289 1390 1393 1449 culicem

192 1473 284 1530 istum
297 1472 331 1527 in
343 1489 430 1527 usum
444 1470 492 1526 sui
510 1469 670 1526 ministerii
688 1467 919 1526 consecrandum
938 1467 1062 1525 caelestis
1080 1468 1190 1544 gretie
1211 1470 1393 1549 inspiratione

193 1549 415 1630 sanctiffificct:
435 1556 467 1607 et
486 1569 555 1607 eum
567 1550 606 1607 ed
625 1548 791 1607 habendum
813 1548 1031 1625 plenitudinem
1048 1547 1149 1607 divini
1160 1552 1280 1611 umoris
1299 1568 1393 1611 aeeon·

193 1632 303 1691 modet.
347 1631 406 1688 Per
416 1630 588 1688 Dominum

616 1815 808 1874 anmcrro
833 1832 958 1876 csn1c1s.

254 1967 395 2043 Dignare,
410 1965 539 2022 Domine
553 1965 636 2022 Deus
649 1971 760 2037 noster,
775 1965 897 2024 calicem
908 1966 1002 2026 istum
1014 1966 1253 2047 bencffidicere,
1267 1971 1303 2030 in
1319 1990 1393 2033 usum

192 2046 352 2104 ministerii
362 2047 408 2104 tui
418 2047 468 2122 pia
480 2046 637 2103 devotione
650 2046 830 2104 formatum:
852 2052 883 2105 et
895 2048 1131 2108 sanctificatione
1141 2052 1394 2131 perfundensque

192 2127 408 2186 Melchisedech
427 2126 533 2183 famuli
553 2126 600 2182 tui
619 2132 767 2184 sacratum
786 2146 840 2184 ves
858 2126 907 2185 vel
926 2128 1046 2186 calicem
1066 2130 1254 2207 perfudisti:
1276 2140 1309 2193 et
1327 2132 1394 2213 quod

190 2214 255 2266 erte
276 2209 323 2265 rel
344 2208 465 2265 metallo
485 2207 560 2264 effici
579 2225 640 2263 non
661 2213 760 2283 potest
780 2207 924 2265 alteribus
943 2209 1004 2267 tuis
1024 2209 1158 2287 dignum,
1172 2212 1232 2271 fist
1250 2220 1309 2273 tue
1320 2216 1393 2275 bene

192 2289 320 2347 dictione
334 2288 556 2345 sanctificatum.
599 2287 659 2344 Per
672 2287 845 2345 Dominum.

253 2369 314 2427 Hic
329 2368 425 2439 faciat
439 2387 549 2426 erucem
563 2367 598 2425 de
612 2367 764 2425 chrismate
778 2388 798 2425 o
812 2368 889 2426 labio
902 2367 964 2445 eius
976 2369 1011 2427 in
1023 2370 1136 2430 lobium
1149 2392 1223 2433 cum
1232 2376 1358 2451 pollice·
1373 2380 1393 2435 el

192 2469 260 2509 mox
273 2449 361 2507 liniat
374 2457 400 2507 ct
410 2456 556 2523 perstrepat
569 2447 686 2505 calicem
700 2456 791 2505 totum
805 2448 890 2522 infru
903 2450 1022 2510 dm:
1335 2498 1344 2527 ,

253 2527 485 2607 Oonfflsecrsre,
509 2533 540 2585 et
566 2526 797 2606 sanctifflficare
821 2529 944 2606 dignere
966 2530 1089 2589 calicem
1108 2530 1217 2609 istum,
1240 2554 1299 2613 per
1317 2528 1393 2595 is'tsu

190 2616 323 2668 sanctem
336 2609 507 2666 unctionem
520 2613 552 2666 et
565 2614 697 2666 nostram
717 2609 960 2683 benedictionem,
974 2611 1008 2668 in
1027 2610 1148 2671 ennato
1168 2613 1251 2675 Jcsu
1273 2618 1393 2677 Domino

191 2697 301 2749 nostro.
345 2690 405 2760 Qui
418 2695 526 2748 tecum.
1308 2710 1312 2717 ·

252 2770 397 2829 Actiones
410 2776 535 2842 nostras,
548 2788 722 2846 quaesumus,
734 2769 871 2842 Domine,
882 2770 1040 2847 uspimndo
1049 2774 1225 2848 praeteniet
1233 2776 1393 2857 udJuvendo

190 2870 386 2929 prosequere3
405 2855 441 2908 ut
455 2855 561 2908 cuncta
578 2855 681 2906 nostre
694 2852 826 2927 operatio
847 2857 877 2908 et
890 2871 909 2907 a
928 2858 960 2909 tc
972 2871 1087 2928 semper
1106 2853 1246 2933 incipiet,
1262 2868 1297 2919 et
1310 2864 1392 2939 perte

191 2938 286 3008 coepta
300 2932 430 2988 finiatur.
473 2930 532 2987 Per
546 2930 718 2987 Dominum.

252 3013 385 3070 Oremus.

252 3092 446 3167 Omnipotens
462 3090 637 3166 sempiterne
652 3090 743 3162 Deus,
757 3091 895 3148 manibus
908 3092 1027 3165 nostris,
1041 3112 1226 3171 quesumus,
1241 3118 1331 3179 opem
1342 3108 1391 3159 tus

191 3171 404 3229 benedictionis
427 3171 569 3228 infunde:
600 3176 636 3227 ut
662 3191 715 3247 per
734 3177 867 3227 nostram
893 3172 1129 3233 benedictionem
1161 3176 1220 3237 hoc
1249 3182 1392 3241 vesculum

191 3272 259 3311 cum
285 3258 394 3327 patena
419 3249 687 3329 sanctifflficetur:
720 3256 751 3308 et
771 3252 901 3327 corporis
928 3258 960 3311 et
981 3255 1133 3331 sanguinis
1156 3256 1290 3321 Domini
1309 3260 1391 3319 nostri

189 3333 212 3392 J
214 3352 265 3390 esu
287 3331 398 3389 Christi
412 3350 524 3388 novum
544 3331 731 3408 sepulchrum
746 3331 849 3389 Sancti
862 3332 992 3409 Spiritus
1004 3334 1102 3412 gratis
1113 3338 1303 3413 perficiatur.
1344 3340 1391 3399 Per

191 3413 352 3472 christum.

237 3621 327 3677 Vlss
347 3634 444 3677 suess
464 3635 501 3676 nr
521 3632 595 3674 num
619 3633 810 3675 omnum
833 3636 993 3693 necrusm,
1015 3636 1050 3678 m
1077 3638 1240 3685 ensnnm
1262 3646 1350 3689 nm·

611 3714 770 3757 nrcsnrun
789 3715 852 3759 noc
872 3717 966 3760 nono.

246 3832 444 3908 Adjutorium
463 3833 607 3885 nostrum.
652 3828 785 3887 Oremus

246 3912 374 3984 Fmaudi,
391 3911 528 3981 Domine,
544 3927 643 3984 preces
661 3915 786 3980 nostras,
801 3909 1028 3969 clementissime
1048 3910 1150 3987 Peter,
1165 3922 1199 3975 et
1216 3916 1285 3981 inec
1300 3914 1384 3999 purifi:

184 3994 278 4054 cende
292 4013 362 4049 vasa
376 3997 406 4048 et
421 3995 604 4059 ornamento,
619 3990 694 4046 sacri
708 3990 810 4048 altaris
823 3995 914 4067 atque
934 3991 1061 4050 ecclesie
1073 3998 1136 4052 tuae
1150 4014 1245 4057 merse
1265 3994 1384 4079 mysterii

183 4076 251 4134 usui
264 4077 429 4149 praeparata
443 4067 665 4147 beneffldicere
679 4076 710 4127 et
724 4069 957 4149 sanctifflficare
970 4072 1108 4149 digneris
1145 4076 1209 4137 Per
1222 4078 1381 4141 Dominum·

244 4155 440 4229 Omnipotens
464 4156 496 4208 et
523 4150 688 4207 misericors
709 4150 801 4223 Deus,
828 4152 879 4228 qui
900 4152 939 4210 eb
961 4152 1050 4211 initio
1068 4154 1161 4215 utilia
1182 4164 1216 4217 et
1235 4156 1383 4221 nocearis

182 4235 352 4294 hominibus
373 4231 488 4303 creasti,
505 4230 674 4306 templaque
692 4250 783 4288 manu
803 4231 960 4289 hominum
982 4232 1061 4291 fecte
1080 4238 1202 4297 nomini
1220 4246 1279 4302 tuo
1296 4244 1383 4301 men

182 4317 282 4385 dicari,
305 4320 425 4389 tuaeque
446 4311 641 4368 habitationis
661 4310 725 4368 loce
744 4313 845 4369 vocari
864 4312 1007 4385 voluisti3
1042 4314 1157 4392 quique
1176 4338 1235 4399 per
1253 4312 1394 4381 fsmulun'

182 4404 269 4455 tuum
292 4395 418 4471 Moysen
438 4392 617 4449 vestimenta
641 4392 823 4466 pontificalis
843 4397 874 4450 et
894 4393 1086 4453 sacerdotalis
1097 4402 1130 4455 et
1150 4398 1285 4477 levitice
1296 4408 1326 4463 et
1335 4398 1395 4459 elif
