2850 4800
182 280 264 344 118*
396 272 547 339 Mannal
564 272 673 359 Officcs
688 272 784 359 scon
797 271 848 337 tbc
861 260 1182 359 Hercsord'Missal.

181 443 281 502 debent
300 440 496 515 indifferenter
514 438 674 499 secuudum
684 437 851 497 Rornnrcnn
859 437 1028 513 dalidam,
1041 446 1072 498 et
1084 440 1256 501 mumdum
1267 440 1379 501 Hosti*
1423 377 1425 406 i

181 542 248 593 sna,
273 531 299 580 et
319 522 479 579 sennodum
503 520 645 579 Pinarum
665 518 853 595 Aquinatem.
898 518 972 578 Hac
992 520 1119 595 quaetio
1135 528 1204 581 erat
1228 522 1380 583 dictumst
1424 575 1425 578 ,

181 603 375 661 determinata
401 602 436 659 in
462 620 544 659 sacro
560 600 676 676 pulsatio
703 599 818 658 domini
839 618 927 676 papa
952 598 1118 675 Jobannis,
1141 610 1172 661 et
1197 600 1381 661 nammis

181 682 324 757 Auyliarn
334 701 388 756 per
400 682 576 757 necyistrum
589 679 617 736 J
614 679 757 739 obannern
767 680 924 755 Haystede,
935 680 1024 740 simeo
1036 680 1172 741 Domini
1185 680 1382 743 Mobeni.

182 761 285 821 Onusa
308 761 498 820 discussionis
521 769 591 833 erat,
616 760 689 836 quia
712 760 871 819 multitudo
894 762 1080 820 mondoum
1101 770 1178 822 nnio
1200 764 1337 841 temporis
1351 762 1383 821 ad

182 843 275 901 sedem
289 842 475 917 apostolicam
493 862 551 917 pro
566 841 696 915 bereeficio
715 840 905 900 absolutionis
927 841 1085 901 obtinendo
1106 844 1236 903 adunit
1249 842 1383 923 protae

182 922 358 981 dictionibus
371 923 494 980 secundo
508 921 683 981 nubentibus
700 922 782 980 datis
792 922 953 980 indiscrete.

243 1002 384 1078 Sequitur
398 1003 563 1061 substitutio
576 1022 652 1060 reooa
664 1021 752 1078 super
764 1002 810 1060 bis
822 1002 936 1061 domini
942 1022 1033 1079 papae
1044 1000 1209 1063 dobmmis
1220 1006 1282 1065 neti.
1294 1026 1305 1065 .·

244 1083 321 1141 Sane
334 1083 466 1141 volentes
479 1084 637 1159 antiquum
650 1088 814 1159 temperare
832 1083 957 1160 rigorem
974 1082 1180 1159 consedimus,
1195 1092 1236 1145 ut
1247 1086 1385 1165 prebyter

183 1162 236 1240 qui
255 1164 398 1221 secundas
410 1165 530 1240 nuptias
542 1164 668 1221 scienter
680 1163 874 1238 benedixerit,
894 1163 933 1221 ad
952 1164 1052 1221 sedem
1064 1164 1270 1241 apostolicam
1288 1186 1326 1225 ex
1340 1166 1384 1223 hoe

182 1245 309 1302 transire
330 1244 452 1301 minime
472 1250 617 1314 teneatur,
630 1244 681 1301 sed
704 1263 723 1301 a
743 1263 828 1320 psena
847 1243 1046 1320 suspensionis
1067 1244 1128 1305 hoc
1141 1264 1219 1305 casn
1240 1266 1262 1305 a
1273 1248 1340 1325 jure
1349 1246 1384 1303 in·

183 1325 263 1383 dicta
276 1345 331 1401 per
344 1325 512 1382 diocesanos
526 1343 627 1383 eorum
644 1324 737 1400 possit
749 1325 872 1397 absolvi,
887 1325 937 1382 dcc.

242 1405 314 1462 Haec
348 1405 449 1463 Oratio
476 1423 601 1481 sequens,
630 1405 806 1482 Propitiare,
839 1405 976 1478 Domine,
1004 1424 1133 1483 semper,
1162 1408 1287 1467 dicatae·
1310 1424 1383 1485 asper

181 1485 318 1544 nubentes
341 1486 393 1543 sub
410 1485 504 1560 pallio
522 1493 742 1562 prostenuntes,
767 1485 997 1562 qmndoaneque
1020 1486 1098 1545 alter
1119 1488 1285 1565 conjuqum
1297 1486 1383 1563 fissit

182 1564 259 1623 alias
272 1575 392 1641 nuptus,
407 1566 480 1640 quia
493 1587 554 1624 non
563 1566 733 1641 proltibetnr
745 1566 780 1624 in
793 1567 919 1625 donetis.
969 1566 1029 1626 Sed
1041 1566 1140 1641 Deus,
1154 1569 1215 1647 qui
1227 1575 1291 1627 tam
1302 1566 1381 1627 excel·

182 1645 258 1702 lenti
271 1647 421 1720 mysterio,
437 1665 498 1704 non
511 1648 589 1705 debet
606 1646 674 1718 dici,
690 1647 716 1705 si
729 1646 1014 1722 aitereoruasfieerit
1028 1648 1123 1723 prius
1135 1658 1265 1727 auam,
1278 1668 1340 1709 ucat
1348 1648 1380 1707 n't

183 1725 337 1784 benedictio
361 1728 588 1799 sacramentalis,
615 1747 680 1802 qua
702 1727 785 1786 nudo
804 1729 889 1786 modo
911 1728 1015 1786 iteum
1036 1728 1118 1788 debet
1127 1750 1142 1801 ,·
1164 1738 1206 1789 ut
1231 1730 1331 1791 Extra.
1351 1728 1378 1786 de

182 1806 315 1865 secundis
327 1808 444 1883 nscptiis
457 1807 585 1883 capitub)
592 1808 692 1883 priam
706 1815 731 1866 et
744 1828 817 1884 copi,
832 1809 891 1865 Vir
903 1813 1012 1867 autem.

246 1887 330 1944 Tunc
340 1888 494 1945 inclinatis
507 1908 606 1946 emuna
620 1888 763 1963 capitibus
775 1888 915 1947 Sacerdos
927 1888 1008 1947 dieat
1019 1912 1030 1949 .·

243 1968 401 2025 Benedicti
423 1968 489 2025 sitis
515 1988 534 2025 a
560 1969 690 2025 Domino
717 1969 771 2045 qui
797 1968 868 2027 fecit
893 1969 1040 2028 mundum
1066 1988 1106 2027 ex
1133 1970 1244 2031 nihilo.
1283 1970 1374 2031 Amen

183 2048 331 2105 Dominus
344 2048 504 2107 vobiscum.

246 2128 355 2186 Oratio.

242 2208 325 2266 Deus
345 2209 509 2280 Abraham,
524 2208 606 2267 Deus
620 2209 712 2281 Isaac,
728 2214 759 2267 et
774 2209 857 2268 Deus
877 2210 981 2281 Jacob,
995 2208 1037 2267 sit
1048 2210 1208 2269 vobiscum
1223 2218 1257 2271 et
1266 2212 1328 2291 ipse
1337 2228 1379 2269 vos

182 2290 352 2366 conjungat,
367 2289 549 2366 impleatque
562 2290 798 2347 benedictionem
811 2310 896 2347 suam
907 2291 941 2347 in
953 2290 1046 2348 vobis.
1090 2291 1153 2362 Qui
1165 2292 1261 2353 vivit.

241 2370 315 2427 Alia
330 2370 440 2428 Oratio.
483 2370 645 2428 Benedicat
658 2390 711 2428 vos
725 2371 808 2428 Deus
822 2370 921 2443 Pater,
936 2379 961 2429 et
976 2379 1068 2429 nura
1078 2380 1116 2429 nt
1198 2394 1234 2445 a,
1249 2394 1279 2451 p.
1294 2370 1353 2431 20⁴.

243 2451 303 2508 Hic
316 2450 427 2508 intrent
440 2451 585 2509 ecciesiarn
606 2448 709 2530 [usque
728 2452 770 2509 ad
790 2452 919 2526 pradum
931 2450 1155 2511 ditaris—MS
1213 2454 1381 2515 Sacerdosel

184 2529 280 2588 clerici
303 2531 403 2589 dicant
426 2531 506 2590 leuno
529 2531 693 2604 Psabneune,
707 2532 796 2589 Beati
816 2552 924 2607 omnes,
940 2533 1002 2592 sine
1020 2540 1101 2605 nota,
1116 2542 1145 2591 et
1159 2534 1285 2593 dicatur
1303 2550 1383 2609 usqne

184 2611 218 2668 in
224 2614 325 2687 finene.

247 2692 331 2749 Tunc
341 2695 535 2766 penuflectant
547 2692 594 2750 vir
607 2700 633 2750 et
646 2691 752 2751 neuiier
772 2713 871 2751 wrorn
884 2692 976 2752 almeri
982 2714 996 2765 ;
1016 2701 1044 2752 et
1055 2691 1200 2755 Sacerdos
1211 2703 1298 2755 stans
1309 2712 1385 2773 nater

182 2773 312 2848 pradum
324 2772 443 2830 Altaris'
452 2793 531 2831 oerso
544 2770 629 2830 oeeltu
643 2774 683 2830 ad
697 2792 742 2831 eos
755 2773 836 2831 dicat
846 2797 856 2832 :

245 2853 408 2910 Benedicat
428 2873 482 2910 vos
504 2853 651 2911 Dominus
673 2873 711 2910 ex
733 2853 815 2927 Sion,
830 2860 866 2912 ut
884 2853 986 2912 videas
1006 2853 1084 2913 filios
1104 2853 1242 2914 filiorum
1262 2862 1384 2927 tuorum,

186 2952 289 3011 pacem
302 2952 390 3008 super
403 2933 506 2991 Israel.

247 3013 350 3071 Gloria
363 3012 456 3071 Patri.
500 3013 597 3090 Kyrie
611 3013 737 3088 eleyson.
780 3013 898 3073 Christe
910 3014 1037 3091 eleyson.
1079 3014 1181 3092 Kyrie
1193 3016 1325 3095 eleyson.

246 3093 338 3151 Pater
350 3099 458 3151 noster.
501 3094 542 3151 Et
555 3113 593 3152 ne
606 3113 667 3151 nos.
710 3095 769 3153 Sed
781 3095 882 3154 libera

247 3173 370 3230 Salvum
389 3174 436 3231 fac
456 3194 574 3232 servum
594 3180 682 3231 tuum
700 3180 731 3233 et
746 3176 885 3233 ancillam
904 3180 1006 3234 tuam:
1032 3175 1118 3235 Deus
1130 3196 1227 3251 meus,
1242 3184 1386 3257 amantes

185 3254 218 3311 in
231 3257 270 3311 te.

247 3333 339 3390 Mitto
353 3333 395 3391 eis
409 3335 555 3392 auxilium
569 3335 605 3393 de
619 3341 738 3394 sancto:
759 3338 801 3394 Et
814 3337 851 3395 de
865 3336 938 3394 Sion
950 3340 1035 3395 tuere
1049 3355 1107 3396 eos.

247 3415 321 3471 Esto
335 3415 385 3486 eis,
401 3415 538 3488 Domine,
553 3416 646 3473 turris
659 3417 862 3476 fortitudinis:
882 3417 915 3475 A
927 3417 1002 3476 facie
1014 3416 1139 3477 inimici.

247 3494 386 3568 Domine,
402 3496 528 3557 exaudi:
549 3497 590 3553 Et
604 3497 721 3555 clamor.

248 3576 396 3633 Dominus
409 3577 569 3636 vobiscum.

248 3656 381 3715 Oremus.

248 3737 360 3796 Oratio.
401 3737 484 3796 Deus
497 3737 660 3811 Abraham,
676 3738 759 3796 Deus
772 3738 864 3812 Isaac,
879 3739 962 3797 Deus
974 3737 997 3797 J
997 3735 1080 3811 acob,
1094 3744 1122 3797 st
1134 3746 1231 3799 cetera
1243 3748 1280 3801 at
1291 3758 1383 3819 sm

232 3817 295 3876 20³⁶.

186 3837 207 3894 P
248 3898 383 3958 Oremus

248 3977 358 4038 Oratio.
401 3979 534 4055 Respice,
550 3978 687 4053 Domine,
702 3979 849 4057 propitius
869 3998 958 4057 super
976 3979 1056 4038 huno
1078 3978 1231 4039 famulum
1249 3986 1384 4055 tuamet

186 4066 277 4115 cetera
291 4068 325 4115 ut
339 4079 440 4134 supra,
454 4080 481 4136 p.
499 4057 563 4117 21⁴⁶.
629 4130 631 4134 ,

244 4138 317 4195 Alia
333 4138 440 4197 Oratio.
485 4140 681 4217 Omnipotens
700 4140 878 4217 sempiterne
899 4141 991 4214 Deus,
1006 4138 1059 4217 qui
1077 4140 1193 4217 primos
1201 4146 1384 4219 parenteset

184 4224 276 4275 cetera
288 4228 323 4275 ut
336 4239 436 4294 supra,
452 4239 480 4295 p.
497 4221 544 4279 29.

246 4297 318 4356 Alia
333 4299 442 4357 Oratio.

244 4376 379 4456 Respice,
394 4379 532 4456 Domine,
551 4381 589 4440 de
609 4381 679 4441 caelo
699 4386 802 4442 sancto
823 4386 878 4441 tuo
897 4400 986 4459 super
1005 4380 1083 4441 hanc
1102 4382 1343 4457 conventionem,
1355 4386 1385 4441 nt
