2850 4800
465 310 632 375 Manuale
645 309 693 375 ad
706 330 811 375 usum
823 310 969 378 Surum.

172 480 326 553 Sequentia.
371 477 467 551 Kyric
481 476 607 551 alcyson.
651 474 769 533 Christo
782 475 912 551 eleyson.
959 479 1067 555 Kyrio
1082 481 1205 559 eleyson

174 561 264 616 Pater
277 564 383 614 noster.
427 556 542 613 Deirulc
555 556 616 613 siue
624 555 876 630 pruriunteatione,
894 558 940 616 Es
954 578 994 616 ne
1009 580 1079 619 nos

174 641 302 695 Dicatur
316 638 367 693 iste
381 636 519 693 l'sairnus
532 636 594 693 sine
607 644 677 693 nota
687 660 697 694 .·
718 636 821 693 Lauda
834 637 940 696 anima
954 659 1035 700 mea.

174 731 276 787 Finito
291 729 409 786 l'sairno
423 730 502 785 dicat
516 728 655 786 Sacerdos
668 727 727 785 ioco
740 748 791 786 nec
803 728 908 786 nabitu
921 741 1046 792 neutato
1057 759 1068 792 :

182 812 291 868 Versus.
315 810 459 883 Requirm
475 816 615 865 {sternam
629 808 706 865 dona
719 809 767 877 eis,
784 810 934 867 Domine:

215 891 256 946 Ee
270 890 323 945 lux
338 895 480 964 penetus
493 889 589 945 lucent
602 888 653 945 eis.

174 972 205 1028 A
220 978 306 1045 portu
319 970 423 1025 inicii:

216 1052 304 1120 Erue,
322 1049 458 1117 Domine,
472 1048 585 1104 animus
598 1068 706 1105 corum.

177 1131 272 1187 Ornia
286 1130 386 1185 uidero
400 1129 476 1183 bone
490 1127 630 1185 Domini:

217 1212 254 1265 In
269 1216 349 1265 turra
363 1208 537 1264 viventium.

177 1291 324 1346 Dominus
338 1289 497 1345 vobiscum.
542 1287 583 1343 Ee
596 1306 664 1345 cum
677 1288 784 1363 spiiiiu
798 1295 857 1345 tuo.

179 1385 248 1440 Tres
278 1383 429 1439 Orationes
455 1382 595 1437 dicantur
623 1390 683 1438 tane
711 1381 751 1438 uei
779 1381 912 1451 Placeb0‚
943 1402 1044 1457 quarn
1074 1389 1121 1445 ad
1149 1388 1257 1465 Dirige,
1275 1386 1314 1447 sui

120 1487 180 1521 arria
202 1462 402 1519 terminatione
422 1482 551 1535 qrrcrrurn
566 1462 731 1536 prineapro
744 1461 904 1537 Episcopis,
919 1466 1061 1523 secunda
1077 1468 1315 1543 profi-atriensi

117 1544 269 1614 sororibus,
287 1541 371 1598 tertia
384 1541 533 1613 {sereeraiis

180 1625 216 1679 lte
230 1622 445 1679 <lienteriae
460 1622 611 1678 Orationes
624 1621 666 1677 aet
678 1621 803 1679 Placebo
812 1642 867 1697 per
881 1630 979 1680 toturn
993 1645 1130 1686 unicum.

178 1704 286 1760 Oratio.
331 1702 421 1772 Dcus,
436 1702 488 1776 qui
504 1702 582 1757 inter
595 1702 775 1777 apostolicos.

178 1784 286 1839 Oratio.
331 1781 528 1838 Drusvcniae.

178 1864 287 1919 Oratio.
331 1862 479 1918 Fidciium
494 1862 584 1918 Deus,

177 1944 248 2001 Non
271 1943 389 1999 <lictatur
413 1941 560 1997 Dominus
583 1941 744 2012 vobiscum,
769 1960 859 2015 neque
881 1941 1096 2016 Requiescunt
1117 1949 1154 2005 in
1174 1968 1262 2026 paeo3
1280 1947 1317 2006 sei

119 2025 217 2081 stetini
230 2024 291 2080 sine
305 2023 317 2078 i
320 2022 474 2078 recitatoris
488 2021 649 2095 incipiatur
663 2021 834 2096 Aretepieona
848 2021 952 2097 Dirige

180 2118 290 2172 Tamen
304 2115 422 2187 artenaio
438 2114 540 2188 Dirige
554 2132 614 2170 reon
627 2113 752 2185 dicutur,
765 2114 864 2171 statius
871 2122 939 2189 post
952 2113 1089 2175 Placobo
1100 2129 1140 2177 ut
1150 2121 1185 2178 in
1201 2121 1315 2192 Quadra

117 2197 225 2269 elusinae
247 2204 272 2252 et
294 2194 412 2268 querneae
437 2194 588 2250 Orationes
605 2193 754 2267 irradiatur
774 2194 912 2250 dicaretur
931 2193 966 2249 in
987 2195 1167 2273 Laudibus,
1182 2211 1217 2258 ut
1235 2222 1255 2258 a
1271 2201 1316 2257 Die

118 2278 296 2333 insinuarem
317 2293 406 2348 cesarie
427 2275 467 2330 act
487 2282 625 2347 quartani
639 2274 759 2332 Feriam
771 2283 838 2332 ante
851 2273 974 2345 Pascite,
992 2284 1065 2334 tunc
1080 2280 1208 2339 dicatw
1220 2281 1254 2340 ab
1266 2281 1314 2357 ipsu

116 2358 266 2414 o'ceeerdote
280 2364 436 2411 assecurare
449 2354 541 2427 officii.

184 2437 293 2493 Versus.
338 2434 538 2509 Requiescnnt
551 2433 584 2488 in
597 2452 677 2508 pace,
692 2434 754 2492 sine
768 2434 914 2490 Dominus
927 2434 1095 2495 vobiscum.

178 2518 247 2573 Post
264 2515 431 2571 Orationem
448 2515 489 2570 ccci
509 2513 622 2588 Dirige,
638 2534 724 2589 urerer
744 2534 840 2573 onnes
858 2514 993 2572 Psulneos
1014 2526 1085 2575 ante
1108 2519 1258 2581 Lectiones
1268 2520 1314 2579 iac

116 2598 178 2655 sola
190 2595 362 2669 Antiphone
376 2594 487 2669 Dirige.

176 2689 250 2747 I'sai
259 2708 321 2745 neers,
365 2688 466 2743 Verba
479 2707 553 2745 moa.

249 2710 258 2744 r

177 2769 323 2828 Psalneus.
366 2767 503 2838 Domino,
518 2786 556 2823 no
569 2766 602 2822 in
616 2765 720 2824 furore.

177 2852 238 2907 I'sa
251 2869 321 2904 ireres.
366 2848 495 2903 Domine
510 2847 593 2903 Deus
606 2866 695 2903 meus.

176 2929 321 2986 I'sainncs.
365 2927 512 2983 Dominus
526 2927 610 3002 regit.

176 3009 322 3067 Psatmus.
365 3007 418 3064 Ad
431 3013 470 3078 tc,
486 3006 622 3076 Domine,
637 3006 742 3063 levavi.

176 3089 321 3146 I'sainnts.
366 3087 513 3143 Dominus
526 3086 712 3143 illuminatio,

178 3169 322 3226 l’saineus.
367 3169 535 3242 Expectans
549 3168 709 3242 expectavi.

176 3249 322 3306 Psairreus.
366 3248 477 3304 Beatus
491 3248 542 3322 qui
555 3247 704 3323 inteiligit.

176 3329 320 3387 I'salrnus.
365 3328 627 3396 Quemadmodum.

175 3422 307 3498 Repetite
334 3420 503 3495 Antiphone
525 3429 593 3496 post
619 3419 761 3489 Psatnws,
786 3417 925 3477 Sercerdos
951 3429 1098 3479 exsecutor
1124 3423 1215 3498 officii
1240 3425 1310 3484 duat

122 3504 240 3561 Versunc
255 3502 442 3576 Complaecut
455 3501 520 3571 eibi,
536 3501 673 3570 Domine,
688 3506 723 3556 ui
736 3519 821 3555 eruas
834 3519 888 3556 mc.

175 3583 260 3657 Hesp.
304 3581 440 3652 Domino,
456 3580 494 3636 ad
508 3581 709 3655 adjuvandum
721 3599 769 3636 mo
782 3580 900 3654 respice.

176 3664 267 3719 Pater
280 3668 387 3717 nostor.
431 3661 544 3717 Deinde
559 3661 638 3717 dicat
652 3660 793 3718 Sacerdos
805 3660 839 3716 in
852 3659 1013 3731 audientia,
1029 3659 1071 3718 Et
1084 3681 1124 3720 no
1136 3681 1202 3722 nos.

177 3742 298 3799 Oleorus.
343 3741 400 3798 seu
414 3740 507 3796 libera
521 3759 581 3798 nos.

177 3837 320 3895 Sineititer
339 3838 373 3892 in
393 3836 548 3894 ccccciicntia
568 3856 664 3893 orrerees
684 3835 830 3894 Lectiones
850 3835 983 3909 leaunnur
1002 3835 1037 3892 in
1057 3840 1190 3898 sconarda
1204 3839 1308 3915 form

124 3917 227 3974 Versus
241 3936 350 3990 auroque
359 3916 618 3989 Responsoriorurn
629 3917 665 3973 ab
673 3917 745 3991 ipsis
755 3916 919 3973 Lectoribus
928 3916 1121 3974 dicuuturitu
1131 3920 1310 3996 queodprineu

117 4005 143 4051 et
158 3997 243 4053 tertia
257 3997 352 4053 Lectio
367 4016 400 4052 erc
410 4004 495 4070 parte
509 3995 600 4053 Oleori
616 3996 759 4070 leuantur,
775 4005 801 4052 et
814 3997 940 4053 secunda
952 3995 1047 4054 Lectio
1061 4014 1096 4053 erc
1109 3998 1207 4057 altera
1214 4008 1310 4076 parte:

116 4084 141 4129 ct
155 4076 213 4132 lucc
227 4077 327 4132 onenia
341 4076 401 4132 sine
422 4084 492 4131 nota
513 4076 652 4133 dicantar
672 4077 772 4133 statirn
788 4084 855 4150 post
874 4077 1007 4150 vesperae
1020 4077 1055 4132 de
1065 4078 1113 4135 atie
1127 4087 1153 4137 et
1168 4080 1205 4138 de
1218 4086 1311 4137 saneta

116 4153 220 4211 Μανία
234 4163 300 4212 arete
316 4155 541 4229 Oonrpietore'urn
555 4156 588 4213 de
603 4156 656 4213 die.
698 4156 737 4213 In
749 4156 932 4213 Lectionibus
946 4156 1105 4229 leqerediset
1114 4158 1311 4234 Responsoriis

115 4236 272 4290 secretarutis
286 4236 355 4291 onio
370 4234 528 4292 Feriarum
538 4246 671 4308 seruetur,
683 4236 812 4293 uidelicet
825 4236 871 4292 ate
884 4236 1042 4293 Doneinica
1056 4245 1082 4293 et
1095 4236 1190 4296 Faria
1210 4246 1311 4315 quarta

114 4304 258 4400 Lectiones
271 4323 298 4369 et
311 4315 505 4387 Jtcsporesore‘a
525 4318 559 4372 eie
575 4317 674 4391 prineo
694 4316 846 4374 Nocturna
856 4340 865 4374 :
886 4325 912 4373 ct
925 4316 1051 4373 secunda
1064 4324 1090 4373 et
1104 4319 1215 4391 quinta
1229 4317 1311 4377 Foris

112 4378 258 4472 &stiones
280 4402 306 4451 et
327 4394 520 4468 Responsoriu
539 4397 573 4453 <te
596 4397 719 4454 secundo
740 4396 911 4456 Nocturna:
935 4396 1064 4454 ettertiu
1084 4406 1215 4458 etsexta
1227 4396 1310 4457 rena
