2866 4846
174 269 255 333 130*
606 261 751 328 Ordines
763 261 945 348 Baptisoci

233 430 435 507 Interroqatio.
478 429 519 487 Et
533 427 672 487 omnibus
684 426 802 505 pompis
814 426 898 504 ejust

234 512 320 586 Resp.
362 509 562 568 Abrenuntio.

234 592 276 649 Et
291 600 360 649 tuac
373 593 459 665 sufflo
471 587 624 664 infaciem
637 587 699 663 eJ'as
712 596 739 646 et
753 587 849 649 dare:

234 670 348 747 Accipe
362 671 508 746 Spiritum
523 669 673 726 Sanctum.

234 750 349 810 Deirute
357 750 415 826 sae
428 770 541 808 cracem
554 769 621 806 cam
629 747 735 824 pollice
748 748 783 805 ia
791 746 895 822 fronte
907 756 934 806 et
946 748 1107 823 tripectora
1122 748 1200 825 ejus,
1215 758 1244 811 et
1255 751 1344 811 dia'a:

235 830 348 907 Accipe
371 831 490 906 signum
513 829 607 887 erucis
630 836 693 886 tam
713 829 748 885 in
766 828 865 887 fronte
886 846 978 905 quam
1000 829 1036 885 in
1059 830 1174 905 eorde3
1197 850 1285 891 sume
1304 832 1377 891 fidem

175 910 336 969 coelestium
349 916 562 986 praeceptorum
577 908 644 965 Dei.

236 991 351 1049 Deiade
365 990 439 1048 dicis
454 989 605 1048 Orationes
618 987 678 1046 tea.
722 988 856 1046 Oramus

236 1071 389 1147 Rogamus
422 1076 461 1143 te,
491 1069 630 1141 Domine,
658 1074 759 1126 sancte
795 1068 891 1140 Pater,
922 1068 1115 1147 omnipotens
1151 1076 1269 1131 teterne
1301 1072 1378 1145 Deus,

175 1149 313 1208 miserere
339 1150 451 1207 famulo
477 1156 539 1219 tuo,
564 1168 653 1225 quem
676 1167 781 1206 vocare
807 1148 846 1206 ad
872 1147 1045 1207 rudimenta
1070 1150 1147 1209 fidei
1174 1152 1319 1229 dignatus
1340 1170 1379 1225 ας

175 1250 293 1288 omnem
307 1230 470 1288 eaecitatem
483 1228 579 1287 cordis
593 1230 631 1286 ab
641 1247 675 1286 ee
685 1228 801 1305 expelle
809 1248 819 1301 3
838 1228 990 1305 disrumpe
1002 1248 1108 1289 omnes
1122 1231 1252 1309 laqueos
1265 1233 1377 1305 Seiam

175 1311 284 1387 quibus
293 1311 391 1368 fuerat
401 1310 566 1386 conligatus
571 1329 580 1380 3
597 1309 681 1385 aperi
690 1310 727 1381 ei,
739 1309 876 1381 Domine,
887 1309 1013 1385 januam
1021 1310 1168 1370 veritatis
1178 1318 1251 1387 tute,
1262 1320 1300 1373 ut
1307 1314 1377 1391 signo

177 1392 330 1467 sapientiae
352 1397 413 1447 tuae
434 1388 584 1462 indutus*
604 1390 738 1447 omnium
761 1389 960 1466 cupiditatum
983 1389 1143 1449 fautoribus
1168 1400 1377 1471 mactatque

176 1472 263 1529 suavi
277 1471 366 1528 odore
386 1475 600 1547 praeceptorum
617 1475 738 1527 tuorum
750 1470 837 1527 laetus
850 1469 908 1526 tibi
920 1469 954 1526 in
967 1469 1103 1528 Ecclesia
1116 1477 1176 1531 tua
1190 1472 1377 1545 dmerviatet

176 1550 311 1628 proficiat
331 1552 368 1609 de
386 1551 435 1608 die
457 1551 489 1607 iu
510 1551 608 1621 diem3
631 1556 666 1607 ut
686 1550 810 1608 idonens
827 1550 972 1608 efficiatur
989 1550 1146 1627 promissae
1165 1554 1274 1631 gratiae
1286 1554 1377 1613 tuein

176 1631 298 1688 nomine
312 1631 411 1689 Patris
424 1636 455 1688 et
469 1631 541 1687 Filii
554 1636 585 1688 et
599 1629 729 1707 Spiritus
743 1629 846 1689 Sancti
858 1630 891 1686 in
903 1630 1012 1688 meula
1024 1632 1218 1693 saeculorum.
1262 1635 1361 1695 Amen

237 1712 316 1769 Atia.

239 1792 376 1863 Domine,
387 1796 487 1849 sancte
501 1790 601 1861 Pater,
616 1789 802 1866 omnipotens
815 1794 925 1848 aterne
937 1789 1030 1863 Deus,
1042 1790 1142 1850 Pater
1154 1792 1287 1855 Domini
1297 1794 1374 1855 uerti

178 1871 201 1930 J
202 1891 253 1928 esu
274 1872 388 1929 Christi
407 1873 491 1947 eujus
514 1871 678 1947 antiquitas
699 1872 762 1929 sine
783 1870 880 1944 initio,
895 1871 1047 1929 aeternitas
1066 1872 1136 1931 sine
1148 1874 1213 1935 fine
1225 1881 1292 1951 est3
1308 1874 1374 1935 Dm

178 1952 312 2009 omnium
335 1971 435 2009 rerum
456 1957 570 2008 creater
591 1956 621 2008 et
642 1951 704 2026 ipse
721 1970 782 2008 nen
801 1951 919 2027 genitus
930 1970 940 2023 3
962 1950 1046 2009 Deus
1063 1952 1237 2015 invisibilis
1249 1962 1283 2017 et
1293 1954 1375 2015 omnia

177 2032 281 2088 videns
291 2051 300 2103 3
336 2032 418 2089 Deus
452 2031 755 2106 incomprehensibilis
781 2036 813 2088 et
839 2032 939 2089 omnia
972 2032 1254 2111 comprehendens3
1287 2036 1375 2095 invoco

177 2131 287 2168 nomen
301 2118 436 2169 sanctum
449 2117 537 2168 tuum
553 2131 642 2187 super
655 2131 743 2187 opera
756 2130 900 2168 manuum
911 2116 1042 2184 tuarum,
1057 2118 1095 2171 ut
1107 2112 1171 2175 hoe
1183 2116 1302 2193 plasma
1312 2114 1377 2195 qued

177 2190 211 2248 in
235 2198 392 2268 conspeetu
416 2192 535 2249 Divinae
560 2187 723 2267 majestatis
746 2198 806 2249 tuae
829 2191 868 2249 ed
890 2211 974 2268 spem
996 2192 1244 2257 immortalitatis
1263 2200 1377 2277 aspum

127 2336 129 2341 ,
178 2272 318 2347 dignatus
342 2292 373 2329 es
396 2292 450 2348 per
473 2272 618 2328 virtutem
644 2277 894 2329 sacramentorum
916 2273 1081 2331 caelestium
1106 2278 1257 2337 omnibus
1278 2276 1378 2337 inimici

177 2351 317 2409 letalibus
330 2352 446 2409 insidiis
466 2357 602 2410 exuatur.
645 2352 691 2408 Tu
705 2352 786 2409 enim
798 2351 949 2409 hominem
961 2354 1000 2411 ad
1011 2353 1180 2431 imaginem
1196 2364 1288 2417 tuam
1299 2360 1378 2419 facer

178 2432 318 2507 dignatus
332 2452 371 2503 ea
386 2433 419 2488 in
432 2432 517 2508 cujus
530 2432 603 2489 faeie
624 2432 781 2490 insufflasti
800 2432 939 2509 spiritum
951 2433 1024 2491 vitre
1036 2434 1177 2515 (suffla),
1191 2444 1225 2497 et
1237 2440 1335 2499 faetus
1345 2442 1379 2499 m

177 2512 266 2569 homo
293 2513 326 2568 in
352 2513 483 2570 animam
506 2513 664 2569 viventem.
721 2513 770 2570 Sic
796 2513 897 2589 itaque
923 2513 1004 2571 hune
1029 2514 1185 2575 famulum
1212 2525 1314 2595 tuum,
1336 2518 1379 2589 itt,

178 2612 354 2667 quaesumus,
380 2593 519 2662 Domine,
544 2593 707 2650 constituas
726 2593 760 2650 in
779 2593 887 2669 spiritu
913 2594 1093 2667 vivificante,
1114 2602 1155 2655 ut
1175 2606 1380 2677 cognoscatis

180 2674 279 2730 Deum
305 2674 418 2745 vivum,
441 2678 472 2730 te
496 2673 596 2730 Deum
618 2693 732 2743 verum,
756 2678 788 2731 et
809 2673 997 2750 unigenitum
1020 2673 1138 2734 Filium
1165 2684 1262 2739 tuum
1288 2682 1380 2741 Jeeun

179 2754 333 2811 Christum
347 2773 435 2829 quem
449 2753 566 2825 misisti,
580 2758 610 2810 et
624 2753 769 2829 Spiritum
789 2754 940 2812 Sanctum.
982 2754 1110 2831 Signum
1122 2776 1252 2837 quoque
1264 2762 1381 2821 alume

178 2835 257 2909 quod
271 2854 371 2891 meum
384 2833 461 2911 (sic)
475 2853 555 2890 nune
568 2833 699 2890 conferre
712 2834 851 2909 dignatus
864 2853 904 2907 es,
915 2835 1063 2893 custodies
1077 2840 1229 2913 usquein
1243 2842 1343 2917 finem,
1353 2846 1381 2899 ut

178 2916 344 2989 integeret
365 2934 457 2990 purus
479 2913 657 2990 perducatur
678 2913 716 2971 ad
736 2914 888 2972 lavacrum
908 2934 992 2992 aquae
1013 2920 1270 2997 regenerationis,
1283 2920 1381 2983 (1αὴιεί

178 2994 348 3051 remissione
362 2995 495 3052 emnium
509 2999 703 3070 peecatorum.
747 2994 813 3053 Per.

238 3074 352 3132 Deinde
360 3095 452 3150 peaes
466 3074 554 3131 satem
567 3074 601 3130 irc
615 3093 668 3131 ora
681 3074 836 3149 inficetum
848 3075 969 3134 daeado
982 3075 1046 3137 ita:

238 3155 350 3229 Accipe
373 3155 465 3210 salem
485 3154 645 3230 sapientiae,
666 3155 844 3232 propitiatus
863 3156 897 3213 in
917 3156 1012 3214 vitam
1032 3161 1190 3219 retem
1236 3162 1308 3223 Pax
1325 3161 1378 3223 tibi

177 3235 285 3292 Amen.
329 3234 462 3291 Oremus

239 3314 311 3389 Spes
325 3315 457 3371 omnium
471 3313 577 3371 finium
591 3320 677 3372 terrae
692 3319 723 3372 et
735 3314 769 3373 in
782 3315 859 3373 mari
874 3315 969 3393 longe,
984 3316 1037 3393 qui
1049 3324 1174 3379 sanctos
1187 3328 1312 3385 montes
1323 3328 1378 3383 tuce

177 3394 350 3470 praeparasti
373 3395 406 3450 in
430 3395 544 3451 virtute
568 3400 622 3452 tua
645 3400 675 3452 et
698 3396 858 3473 accingeris
881 3398 1023 3473 potentia,
1044 3416 1105 3475 qua
1124 3400 1163 3459 in
1183 3408 1217 3463 te
1237 3410 1378 3483 spem

178 3475 328 3532 defensare
349 3475 497 3550 dignaris3
527 3475 761 3551 deprecationem
782 3483 915 3535 nostram
932 3477 1093 3537 elementer
1113 3484 1240 3559 mandi,
1260 3490 1295 3545 et
1311 3484 1377 3543 hune

177 3555 418 3613 catechumenum
440 3561 528 3612 tuum
549 3555 641 3612 erucis
662 3556 836 3630 Dominieae,
855 3558 939 3634 cujus
958 3558 1155 3635 impressione
1175 3564 1317 3643 signatus
1333 3568 1374 3635 eet.

176 3635 290 3693 virtute
315 3635 440 3708 custodi,
465 3642 500 3692 ut
527 3636 689 3710 agnitionis
712 3642 771 3694 tuae
792 3638 962 3696 rudimenta
985 3658 1115 3713 samana,
1138 3661 1198 3719 per
1223 3644 1373 3707 asuero

177 3718 386 3774 mandatorum
419 3721 540 3773 tuorum
567 3716 605 3772 ad
638 3717 869 3792 regenerationis
898 3718 1022 3795 gloriam
1048 3724 1213 3796 pervenire
1240 3730 1373 3787 mereatur

176 3803 347 3854 servaturus
360 3816 414 3873 per
428 3802 457 3853 te
470 3796 620 3872 quiequid,
635 3802 665 3853 te
678 3797 830 3874 largiente,
843 3799 1014 3876 perceperit
1057 3798 1126 3861 Per.

238 3878 347 3934 Necte
361 3878 443 3949 latet,
459 3877 576 3948 Satana,
592 3876 747 3935 imminere
761 3877 818 3936 tibi
831 3898 938 3955 panas,
952 3888 978 3938 a
991 3888 1090 3941 cetera.

238 3958 352 4015 Deiecto
367 3966 466 4032 taaqes
476 3956 502 4015 ei
515 3977 602 4014 aeres
615 3965 642 4014 et
654 3977 741 4016 caros
753 3959 788 4016 oie
802 3969 896 4034 spato,
911 3969 938 4019 et
951 3960 1028 4019 dices
1040 3962 1082 4019 ad
1095 3982 1210 4029 aaran:

238 4037 344 4109 Effeta,
357 4038 436 4112 quod
450 4042 494 4094 est
508 4037 668 4113 adaperire,
678 4038 711 4094 in
725 4037 844 4096 odorem
857 4040 1022 4098 suavitatis.
1065 4040 1114 4099 Tu
1125 4050 1236 4105 autem
1249 4048 1369 4129 effugate.

176 4116 301 4190 diabole,
316 4118 566 4194 appropinquabit
578 4118 658 4174 enim
667 4118 816 4193 judicium
829 4119 897 4179 Dei.
951 4193 952 4197 Ἰ

237 4198 342 4255 Postea
364 4207 463 4273 taneos
484 4198 511 4255 ei
526 4207 628 4273 pectas
652 4199 687 4256 de
708 4198 767 4257 oleo
788 4200 955 4275 aoranae,
978 4208 1005 4261 et
1025 4200 1123 4265 aaa:
1148 4204 1215 4267 Exi
1233 4204 1369 4271 immunde

489 4355 506 4387 ἦ*
527 4358 806 4418 MS.—“Imbutus
816 4360 830 4387 ''
844 4360 889 4420 oet
902 4360 1065 4421 “induta''
