2850 4800
135 287 198 352 154
606 283 711 350 Fcric
727 283 868 366 Quinto.

602 493 648 550 Dc
661 501 760 551 sancto
773 493 867 551 Petro.

195 585 373 662 Antcpdcoa.

377 683 464 742 Solve
474 682 600 759 jubente
614 682 679 741 Deo
693 688 848 755 terrarum,
864 681 963 754 Petra,
978 686 1104 753 catenas,

379 779 439 850 Qui
452 779 523 837 iacis
532 784 569 838 ut
582 785 706 857 pateant
719 779 846 838 caelestia
859 798 950 856 regna
963 778 1066 838 beatis.
1161 823 1164 831 .

195 877 271 936 Item
284 878 319 935 de
329 885 427 936 scruto
437 877 533 935 Petra
998 885 1001 889 ’

195 973 376 1050 nocolone.

196 1070 307 1129 Beatus
322 1070 429 1128 Petrus
439 1069 589 1147 apostolus
601 1068 680 1126 vidit
690 1068 747 1126 sibi
759 1067 913 1126 Christum
920 1086 1080 1141 occurrere,
1090 1063 1263 1126 et‘adorans
1269 1087 1342 1125 eum

136 1168 199 1227 ait:
220 1169 357 1242 Domine,
373 1187 433 1244 quo
446 1167 537 1225 vadis.
580 1166 680 1224 Venio
694 1165 821 1224 Romam
833 1165 944 1223 iterum
957 1164 1096 1242 crucifigi.

140 1262 169 1322 V.
192 1261 211 1339 (
210 1262 371 1321 sacerdotal
376 1262 382 1274 '
396 1261 422 1341 ).
444 1261 529 1321 Tues
540 1260 658 1335 Petrus,
668 1266 698 1319 et
708 1260 880 1338 superhaec
890 1265 1006 1338 petram
1017 1259 1167 1318 aedificabo
1178 1258 1343 1319 Ecclesiam

137 1378 244 1418 meam.

200 1455 311 1514 Oratio.

198 1552 290 1623 Deus,
305 1551 357 1628 qui
376 1551 496 1609 beatum
516 1551 643 1609 Petrum
662 1549 828 1628 apostolum
849 1569 868 1608 a
887 1549 1014 1609 vinculis
1034 1549 1204 1609 absolutum
1217 1550 1345 1609 illaesum

137 1648 220 1708 abire
228 1647 342 1721 fecisti,
360 1653 537 1721 nostrorum,
550 1666 726 1724 quaesumus,
736 1646 855 1704 absolve
863 1647 983 1705 vincula
994 1653 1191 1725 peccatorum,
1204 1655 1236 1708 et
1244 1647 1345 1707 omnia

138 1744 216 1802 mala
229 1763 247 1800 a
259 1744 344 1801 nobis
358 1745 535 1821 propitiatus
549 1746 679 1803 exclude.
694 1780 696 1784 ·
723 1745 782 1802 Per
796 1743 957 1804 Christum.

454 1977 505 2036 Ad
518 1975 620 2035 Altero
633 1976 727 2045 sancti
745 1974 880 2050 Andreae,
895 1975 1026 2052 apostoli.

198 2056 377 2133 Antiphone.

199 2154 336 2212 Andreas
346 2153 496 2232 apostolus
504 2153 583 2212 dixit
590 2152 628 2211 ad
636 2153 780 2231 AEgeam:
794 2152 891 2211 Tanto
900 2171 966 2211 meo
975 2153 1039 2230 regi
1049 2152 1115 2211 Deo
1124 2172 1175 2212 ero
1184 2154 1342 2232 acceptior,

139 2257 250 2328 quanto
263 2271 318 2328 pro
332 2252 395 2328 ejus
408 2271 507 2310 amore
520 2251 603 2309 fuero
616 2270 792 2327 permanens
805 2251 837 2308 in
850 2250 1008 2309 tormentis
1018 2249 1173 2310 confessor.

145 2348 174 2408 V.
198 2347 426 2426 (sacerdotalis).
449 2347 567 2406 Dilexit
580 2347 735 2404 Andream
749 2346 904 2406 Dominus.

202 2444 311 2504 Oratio.

200 2541 391 2617 Majestatem
412 2547 504 2613 tuam,
526 2538 662 2614 Domine,
685 2539 857 2616 suppliciter
871 2559 1036 2616 exoramus,
1051 2532 1087 2600 ut
1110 2540 1188 2601 sicut
1209 2541 1349 2601 Ecclesiae

22 2632 25 2637 ⁴
139 2643 200 2698 tuae
213 2638 318 2696 beatus
331 2637 467 2695 Andreas
481 2636 630 2713 spostolus
644 2642 714 2694 tuus
728 2636 846 2694 exstitit
859 2635 1034 2712 praedicator
1047 2640 1079 2692 et
1092 2643 1197 2708 rector,
1211 2635 1256 2693 ita
1269 2634 1351 2713 apud

139 2741 170 2796 te
184 2734 225 2792 sit
238 2755 292 2812 pro
305 2735 391 2792 nobis
406 2739 564 2812 perpetuus
578 2733 759 2792 intercessor.
803 2732 863 2792 Per
876 2733 1028 2791 Christum
1043 2729 1215 2790 Dominum.

580 2964 625 3023 De
636 2971 735 3022 sancto
748 2961 904 3040 Stephano.

202 3041 384 3121 Antiphone.

203 3140 371 3217 Stephanus
388 3138 465 3199 vidit
482 3139 568 3199 caelos
589 3145 713 3217 apertos,
726 3139 805 3198 vidit
826 3144 857 3198 et
875 3139 1023 3199 introivit.
1044 3175 1047 3179 <
1064 3140 1177 3199 Beatus
1193 3138 1283 3198 homo
1301 3134 1351 3198 cui

142 3238 206 3298 caeli
218 3239 371 3315 patebunt.

148 3335 177 3395 V.
200 3333 432 3412 (sacerdotalis)
455 3333 559 3392 Gloria
571 3340 603 3392 ct
616 3332 727 3391 honore
740 3333 887 3391 coronasti
901 3351 977 3391 eum.

204 3430 314 3490 Oratio.

201 3529 251 3588 Ds
271 3530 364 3603 nobis,
389 3528 526 3603 Domine,
551 3546 728 3604 quaesumus,
749 3527 863 3585 imitari
883 3526 963 3604 quod
990 3525 1123 3597 colimus,
1147 3529 1183 3583 ut
1203 3522 1350 3583 discamus

142 3633 173 3685 ct
195 3626 331 3685 inimicos
345 3626 475 3703 diligere,
490 3625 561 3702 quia
575 3625 638 3701 ejus
658 3623 797 3682 natalitia
817 3623 1000 3682 celebramus
1013 3620 1067 3699 qui
1085 3620 1172 3680 norit
1192 3621 1283 3680 etiam
1295 3640 1351 3699 pro

141 3724 375 3803 persecutoribus
390 3743 513 3782 exorare
527 3722 693 3780 Dominum
706 3725 842 3779 nostrum
858 3720 881 3779 J
882 3706 964 3779 esum
976 3719 1129 3778 Christum
1142 3717 1239 3776 filium
1252 3722 1352 3779 tuum.

405 3944 449 4004 De
462 3952 562 4003 sancto
575 3940 603 3998 J
600 3940 722 4015 ohanne,
735 3938 862 4017 apostolo
876 3947 903 4000 ct
915 3937 1098 4015 cvcaqclisto.

203 4049 383 4127 Autcphcuc.

203 4147 265 4205 Hic
293 4152 338 4205 est
360 4146 522 4224 discipulus
544 4143 596 4202 ille
618 4143 672 4219 qui
690 4141 896 4200 testimonium
918 4138 1080 4216 perhibuit,
1101 4143 1133 4198 et
1152 4137 1262 4197 scimus
1282 4137 1354 4216 quia

145 4260 250 4301 verum
263 4248 309 4302 est
321 4243 528 4302 testimonium
541 4242 613 4318 ejus.

162 4338 180 4341 ”
206 4341 395 4421 (cacodotcl'
408 4340 434 4420 ).
456 4339 555 4399 Valde
568 4337 757 4397 honorandus
771 4342 817 4396 est
829 4337 933 4396 beatus
946 4333 969 4392 J
969 4331 1107 4391 ohannes.
