<?xml version="1.0" encoding="UTF-8"?>
<!DOCTYPE html PUBLIC "-//W3C//DTD XHTML 1.0 Transitional//EN"
    "http://www.w3.org/TR/xhtml1/DTD/xhtml1-transitional.dtd">
<html xmlns="http://www.w3.org/1999/xhtml" xml:lang="en" lang="en">
 <head>
  <title>
</title>
<meta http-equiv="Content-Type" content="text/html;charset=utf-8" />
  <meta name='ocr-system' content='tesseract 3.04.00' />
  <meta name='ocr-capabilities' content='ocr_page ocr_carea ocr_par ocr_line ocrx_word'/>
</head>
<body>
  <div class='ocr_page' id='page_1' title='image "./manualeetproces00churgoog_0385.png"; bbox 0 0 2850 4800; ppageno 0'>
   <div class='ocr_carea' id='block_1_1' title="bbox 544 291 887 378">
    <p class='ocr_par' dir='ltr' id='par_1_1' title="bbox 544 291 887 378">
     <span class='ocr_line' id='line_1_1' title="bbox 544 291 887 378; baseline -0.003 -18"><span class='ocrx_word' id='word_1_1' title='bbox 544 291 688 361; x_wconf 79' lang='lat' dir='ltr'><strong>Ordines</strong></span> <span class='ocrx_word' id='word_1_2' title='bbox 702 291 887 378; x_wconf 78' lang='lat' dir='ltr'><strong>Baptismi.</strong></span> 
     </span>
    </p>
   </div>
   <div class='ocr_carea' id='block_1_2' title="bbox 273 448 1014 1896">
    <p class='ocr_par' dir='ltr' id='par_1_2' title="bbox 273 448 1014 1896">
     <span class='ocr_line' id='line_1_2' title="bbox 311 448 744 534; baseline -0.009 -16"><span class='ocrx_word' id='word_1_3' title='bbox 311 461 420 518; x_wconf 81' lang='lat' dir='ltr'><strong>Sancta</strong></span> <span class='ocrx_word' id='word_1_4' title='bbox 433 448 665 534; x_wconf 80' lang='lat' dir='ltr'><strong>AEtheldrytha:</strong></span> <span class='ocrx_word' id='word_1_5' title='bbox 685 477 744 515; x_wconf 86' lang='lat' dir='ltr'><strong>ora.</strong></span> 
     </span>
     <span class='ocr_line' id='line_1_3' title="bbox 310 539 683 615; baseline -0.008 -17"><span class='ocrx_word' id='word_1_6' title='bbox 310 542 420 598; x_wconf 83' lang='lat' dir='ltr'><strong>Sancta</strong></span> <span class='ocrx_word' id='word_1_7' title='bbox 434 539 604 615; x_wconf 87' lang='lat' dir='ltr'><strong>Sexburga:</strong></span> <span class='ocrx_word' id='word_1_8' title='bbox 625 557 683 595; x_wconf 87' lang='lat' dir='ltr'><strong>ora.</strong></span> 
     </span>
     <span class='ocr_line' id='line_1_4' title="bbox 312 618 744 678; baseline -0.005 -1"><span class='ocrx_word' id='word_1_9' title='bbox 312 620 422 678; x_wconf 84' lang='lat' dir='ltr'><strong>Sancta</strong></span> <span class='ocrx_word' id='word_1_10' title='bbox 436 618 664 676; x_wconf 84' lang='lat' dir='ltr'><strong>Eormenhilda:</strong></span> <span class='ocrx_word' id='word_1_11' title='bbox 685 637 744 676; x_wconf 80' lang='lat' dir='ltr'><strong>ora.</strong></span> 
     </span>
     <span class='ocr_line' id='line_1_5' title="bbox 312 698 691 775; baseline -0.003 -17"><span class='ocrx_word' id='word_1_12' title='bbox 312 701 421 758; x_wconf 83' lang='lat' dir='ltr'><strong>Sancta</strong></span> <span class='ocrx_word' id='word_1_13' title='bbox 436 698 611 775; x_wconf 85' lang='lat' dir='ltr'><strong>Eadburga:</strong></span> <span class='ocrx_word' id='word_1_14' title='bbox 632 718 691 757; x_wconf 74' lang='lat' dir='ltr'><strong>ora.</strong></span> 
     </span>
     <span class='ocr_line' id='line_1_6' title="bbox 312 779 667 855; baseline 0.003 -18"><span class='ocrx_word' id='word_1_15' title='bbox 312 781 421 837; x_wconf 84' lang='lat' dir='ltr'><strong>Sancta</strong></span> <span class='ocrx_word' id='word_1_16' title='bbox 434 779 587 855; x_wconf 81' lang='lat' dir='ltr'><strong>AElfgiva:</strong></span> <span class='ocrx_word' id='word_1_17' title='bbox 608 798 667 838; x_wconf 77' lang='lat' dir='ltr'><strong>ora.</strong></span> 
     </span>
     <span class='ocr_line' id='line_1_7' title="bbox 312 859 679 935; baseline 0.003 -19"><span class='ocrx_word' id='word_1_18' title='bbox 312 861 420 917; x_wconf 86' lang='lat' dir='ltr'><strong>Sancta</strong></span> <span class='ocrx_word' id='word_1_19' title='bbox 435 859 600 935; x_wconf 86' lang='lat' dir='ltr'><strong>Eadgitha:</strong></span> <span class='ocrx_word' id='word_1_20' title='bbox 620 879 679 917; x_wconf 78' lang='lat' dir='ltr'><strong>oro.</strong></span> 
     </span>
     <span class='ocr_line' id='line_1_8' title="bbox 273 939 788 1014; baseline -0.004 -17"><span class='ocrx_word' id='word_1_21' title='bbox 273 941 383 997; x_wconf 86' lang='lat' dir='ltr'>Omnes</span> <span class='ocrx_word' id='word_1_22' title='bbox 397 947 504 997; x_wconf 77' lang='lat' dir='ltr'><strong>sanctae</strong></span> <span class='ocrx_word' id='word_1_23' title='bbox 519 939 678 1014; x_wconf 77' lang='lat' dir='ltr'><strong>Virgines:</strong></span> <span class='ocrx_word' id='word_1_24' title='bbox 699 943 788 995; x_wconf 87' lang='lat' dir='ltr'><strong>orate.</strong></span> 
     </span>
     <span class='ocr_line' id='line_1_9' title="bbox 273 1019 826 1078; baseline 0.004 -5"><span class='ocrx_word' id='word_1_25' title='bbox 273 1024 383 1077; x_wconf 73' lang='lat' dir='ltr'><strong>Omnes</strong></span> <span class='ocrx_word' id='word_1_26' title='bbox 396 1020 491 1077; x_wconf 80' lang='lat' dir='ltr'><strong>sancti</strong></span> <span class='ocrx_word' id='word_1_27' title='bbox 506 1019 717 1078; x_wconf 72' lang='lat' dir='ltr'><strong>continentes:</strong></span> <span class='ocrx_word' id='word_1_28' title='bbox 738 1024 826 1076; x_wconf 82' lang='lat' dir='ltr'><strong>orate.</strong></span> 
     </span>
     <span class='ocr_line' id='line_1_10' title="bbox 273 1100 627 1158; baseline 0 -1"><span class='ocrx_word' id='word_1_29' title='bbox 273 1101 383 1157; x_wconf 83' lang='lat' dir='ltr'><strong>Omnes</strong></span> <span class='ocrx_word' id='word_1_30' title='bbox 397 1100 515 1158; x_wconf 84' lang='lat' dir='ltr'><strong>Sancti:</strong></span> <span class='ocrx_word' id='word_1_31' title='bbox 538 1105 627 1158; x_wconf 85' lang='lat' dir='ltr'><strong>orate.</strong></span> 
     </span>
     <span class='ocr_line' id='line_1_11' title="bbox 312 1177 925 1255; baseline 0.002 -18"><span class='ocrx_word' id='word_1_32' title='bbox 312 1181 464 1255; x_wconf 85' lang='lat' dir='ltr'>Propitius</span> <span class='ocrx_word' id='word_1_33' title='bbox 478 1187 558 1236; x_wconf 88' lang='lat' dir='ltr'><strong>esto:</strong></span> <span class='ocrx_word' id='word_1_34' title='bbox 578 1199 663 1255; x_wconf 88' lang='lat' dir='ltr'><strong>parce</strong></span> <span class='ocrx_word' id='word_1_35' title='bbox 676 1179 769 1251; x_wconf 89' lang='lat' dir='ltr'><strong>nobis,</strong></span> <span class='ocrx_word' id='word_1_36' title='bbox 784 1177 925 1238; x_wconf 84' lang='lat' dir='ltr'><strong>Domine.</strong></span> 
     </span>
     <span class='ocr_line' id='line_1_12' title="bbox 312 1259 909 1332; baseline 0 -17"><span class='ocrx_word' id='word_1_37' title='bbox 312 1260 364 1317; x_wconf 89' lang='lat' dir='ltr'><strong>Ab</strong></span> <span class='ocrx_word' id='word_1_38' title='bbox 379 1260 460 1316; x_wconf 89' lang='lat' dir='ltr'><strong>omni</strong></span> <span class='ocrx_word' id='word_1_39' title='bbox 473 1260 569 1316; x_wconf 89' lang='lat' dir='ltr'><strong>malo:</strong></span> <span class='ocrx_word' id='word_1_40' title='bbox 590 1260 682 1316; x_wconf 90' lang='lat' dir='ltr'><strong>libera</strong></span> <span class='ocrx_word' id='word_1_41' title='bbox 695 1278 755 1332; x_wconf 90' lang='lat' dir='ltr'><strong>nos,</strong></span> <span class='ocrx_word' id='word_1_42' title='bbox 772 1259 909 1316; x_wconf 87' lang='lat' dir='ltr'><strong>Domine.</strong></span> 
     </span>
     <span class='ocr_line' id='line_1_13' title="bbox 313 1340 735 1415; baseline -0.002 -18"><span class='ocrx_word' id='word_1_43' title='bbox 313 1342 345 1397; x_wconf 91' lang='lat' dir='ltr'>A</span> <span class='ocrx_word' id='word_1_44' title='bbox 358 1348 440 1415; x_wconf 82' lang='lat' dir='ltr'><strong>peste</strong></span> <span class='ocrx_word' id='word_1_45' title='bbox 453 1340 615 1415; x_wconf 77' lang='lat' dir='ltr'><strong>superbiae:</strong></span> <span class='ocrx_word' id='word_1_46' title='bbox 635 1340 735 1396; x_wconf 78' lang='lat' dir='ltr'><strong>libera.</strong></span> 
     </span>
     <span class='ocr_line' id='line_1_14' title="bbox 313 1419 770 1477; baseline 0 0"><span class='ocrx_word' id='word_1_47' title='bbox 313 1420 345 1477; x_wconf 87' lang='lat' dir='ltr'>A</span> <span class='ocrx_word' id='word_1_48' title='bbox 360 1421 471 1477; x_wconf 88' lang='lat' dir='ltr'><strong>carnali</strong></span> <span class='ocrx_word' id='word_1_49' title='bbox 485 1420 646 1477; x_wconf 80' lang='lat' dir='ltr'><strong>desiderio:</strong></span> <span class='ocrx_word' id='word_1_50' title='bbox 667 1419 770 1477; x_wconf 85' lang='lat' dir='ltr'><strong>libera.</strong></span> 
     </span>
     <span class='ocr_line' id='line_1_15' title="bbox 312 1498 852 1575; baseline -0.004 -18"><span class='ocrx_word' id='word_1_51' title='bbox 312 1502 345 1557; x_wconf 90' lang='lat' dir='ltr'>A</span> <span class='ocrx_word' id='word_1_52' title='bbox 358 1507 439 1575; x_wconf 88' lang='lat' dir='ltr'><strong>peste</strong></span> <span class='ocrx_word' id='word_1_53' title='bbox 454 1506 484 1557; x_wconf 88' lang='lat' dir='ltr'><strong>et</strong></span> <span class='ocrx_word' id='word_1_54' title='bbox 497 1502 575 1557; x_wconf 87' lang='lat' dir='ltr'><strong>fame</strong></span> <span class='ocrx_word' id='word_1_55' title='bbox 588 1506 619 1557; x_wconf 92' lang='lat' dir='ltr'><strong>et</strong></span> <span class='ocrx_word' id='word_1_56' title='bbox 633 1499 732 1557; x_wconf 86' lang='lat' dir='ltr'><strong>clade:</strong></span> <span class='ocrx_word' id='word_1_57' title='bbox 753 1498 852 1556; x_wconf 87' lang='lat' dir='ltr'><strong>libera.</strong></span> 
     </span>
     <span class='ocr_line' id='line_1_16' title="bbox 313 1579 874 1637; baseline -0.002 0"><span class='ocrx_word' id='word_1_58' title='bbox 313 1582 345 1637; x_wconf 93' lang='lat' dir='ltr'>A</span> <span class='ocrx_word' id='word_1_59' title='bbox 359 1582 458 1637; x_wconf 77' lang='lat' dir='ltr'><strong>sulita</strong></span> <span class='ocrx_word' id='word_1_60' title='bbox 471 1587 501 1637; x_wconf 91' lang='lat' dir='ltr'><strong>et</strong></span> <span class='ocrx_word' id='word_1_61' title='bbox 516 1587 627 1637; x_wconf 76' lang='lat' dir='ltr'><strong>aeterna</strong></span> <span class='ocrx_word' id='word_1_62' title='bbox 640 1588 752 1637; x_wconf 89' lang='lat' dir='ltr'><strong>morte:</strong></span> <span class='ocrx_word' id='word_1_63' title='bbox 773 1579 874 1636; x_wconf 80' lang='lat' dir='ltr'><strong>libera.</strong></span> 
     </span>
     <span class='ocr_line' id='line_1_17' title="bbox 315 1660 742 1717; baseline 0 0"><span class='ocrx_word' id='word_1_64' title='bbox 315 1660 374 1717; x_wconf 89' lang='lat' dir='ltr'><strong>Per</strong></span> <span class='ocrx_word' id='word_1_65' title='bbox 388 1680 504 1717; x_wconf 87' lang='lat' dir='ltr'><strong>crucem</strong></span> <span class='ocrx_word' id='word_1_66' title='bbox 517 1666 621 1717; x_wconf 85' lang='lat' dir='ltr'><strong>tuam:</strong></span> <span class='ocrx_word' id='word_1_67' title='bbox 642 1660 742 1717; x_wconf 82' lang='lat' dir='ltr'><strong>libera</strong></span> 
     </span>
     <span class='ocr_line' id='line_1_18' title="bbox 315 1739 1014 1798; baseline 0.003 -2"><span class='ocrx_word' id='word_1_68' title='bbox 315 1740 374 1797; x_wconf 92' lang='lat' dir='ltr'><strong>Per</strong></span> <span class='ocrx_word' id='word_1_69' title='bbox 387 1748 519 1797; x_wconf 76' lang='lat' dir='ltr'><strong>sanctam</strong></span> <span class='ocrx_word' id='word_1_70' title='bbox 534 1740 776 1797; x_wconf 64' lang='lat' dir='ltr'><strong>resurrectionem</strong></span> <span class='ocrx_word' id='word_1_71' title='bbox 787 1744 887 1797; x_wconf 88' lang='lat' dir='ltr'><strong>tuam:</strong></span> <span class='ocrx_word' id='word_1_72' title='bbox 909 1739 1014 1798; x_wconf 77' lang='lat' dir='ltr'><strong>libera</strong></span> 
     </span>
     <span class='ocr_line' id='line_1_19' title="bbox 314 1819 995 1896; baseline 0.003 -20"><span class='ocrx_word' id='word_1_73' title='bbox 314 1820 373 1877; x_wconf 91' lang='lat' dir='ltr'><strong>Per</strong></span> <span class='ocrx_word' id='word_1_74' title='bbox 386 1821 543 1896; x_wconf 86' lang='lat' dir='ltr'><strong>gloriosam</strong></span> <span class='ocrx_word' id='word_1_75' title='bbox 557 1820 756 1878; x_wconf 86' lang='lat' dir='ltr'><strong>ascensionem</strong></span> <span class='ocrx_word' id='word_1_76' title='bbox 769 1826 868 1877; x_wconf 88' lang='lat' dir='ltr'><strong>tuam:</strong></span> <span class='ocrx_word' id='word_1_77' title='bbox 891 1819 995 1878; x_wconf 87' lang='lat' dir='ltr'><strong>libera.</strong></span> 
     </span>
    </p>
   </div>
   <div class='ocr_carea' id='block_1_3' title="bbox 114 1915 1309 2633">
    <p class='ocr_par' dir='ltr' id='par_1_3' title="bbox 173 1915 735 1991">
     <span class='ocr_line' id='line_1_20' title="bbox 173 1915 735 1991; baseline -0.002 -19"><span class='ocrx_word' id='word_1_78' title='bbox 173 1915 361 1973; x_wconf 72' lang='lat' dir='ltr'><strong>Peccatores:</strong></span> <span class='ocrx_word' id='word_1_79' title='bbox 385 1923 415 1973; x_wconf 83' lang='lat' dir='ltr'><strong>te</strong></span> <span class='ocrx_word' id='word_1_80' title='bbox 430 1936 574 1991; x_wconf 88' lang='lat' dir='ltr'><strong>rogamus,</strong></span> <span class='ocrx_word' id='word_1_81' title='bbox 589 1915 660 1972; x_wconf 88' lang='lat' dir='ltr'><strong>audi</strong></span> <span class='ocrx_word' id='word_1_82' title='bbox 673 1934 735 1972; x_wconf 91' lang='lat' dir='ltr'><strong>nos.</strong></span> 
     </span>
    </p>

    <p class='ocr_par' dir='ltr' id='par_1_4' title="bbox 172 1996 1012 2071">
     <span class='ocr_line' id='line_1_21' title="bbox 172 1996 1012 2071; baseline 0.001 -18"><span class='ocrx_word' id='word_1_83' title='bbox 172 1998 219 2054; x_wconf 92' lang='lat' dir='ltr'><strong>Ut</strong></span> <span class='ocrx_word' id='word_1_84' title='bbox 235 2016 334 2071; x_wconf 86' lang='lat' dir='ltr'><strong>pacem</strong></span> <span class='ocrx_word' id='word_1_85' title='bbox 348 2003 379 2053; x_wconf 89' lang='lat' dir='ltr'><strong>et</strong></span> <span class='ocrx_word' id='word_1_86' title='bbox 392 1997 577 2053; x_wconf 86' lang='lat' dir='ltr'><strong>concordiam</strong></span> <span class='ocrx_word' id='word_1_87' title='bbox 590 1996 676 2053; x_wconf 88' lang='lat' dir='ltr'><strong>nobis</strong></span> <span class='ocrx_word' id='word_1_88' title='bbox 689 1996 780 2052; x_wconf 78' lang='lat' dir='ltr'><strong>&lt;lones</strong></span> <span class='ocrx_word' id='word_1_89' title='bbox 793 2015 800 2051; x_wconf 95' lang='lat'><strong>:</strong></span> <span class='ocrx_word' id='word_1_90' title='bbox 821 2001 851 2052; x_wconf 89' lang='lat' dir='ltr'><strong>te</strong></span> <span class='ocrx_word' id='word_1_91' title='bbox 864 2013 1012 2071; x_wconf 87' lang='lat' dir='ltr'><strong>rogamus.</strong></span> 
     </span>
    </p>

    <p class='ocr_par' dir='ltr' id='par_1_5' title="bbox 174 2075 1305 2154">
     <span class='ocr_line' id='line_1_22' title="bbox 174 2075 1305 2154; baseline -0.002 -21"><span class='ocrx_word' id='word_1_92' title='bbox 174 2077 220 2133; x_wconf 91' lang='lat' dir='ltr'><strong>Ut</strong></span> <span class='ocrx_word' id='word_1_93' title='bbox 234 2084 364 2133; x_wconf 76' lang='lat' dir='ltr'><strong>sanctam</strong></span> <span class='ocrx_word' id='word_1_94' title='bbox 380 2077 539 2133; x_wconf 83' lang='lat' dir='ltr'><strong>Ecclesiam</strong></span> <span class='ocrx_word' id='word_1_95' title='bbox 551 2082 634 2133; x_wconf 89' lang='lat' dir='ltr'><strong>tuam</strong></span> <span class='ocrx_word' id='word_1_96' title='bbox 644 2095 743 2151; x_wconf 86' lang='lat' dir='ltr'><strong>regere</strong></span> <span class='ocrx_word' id='word_1_97' title='bbox 757 2094 790 2131; x_wconf 88' lang='lat' dir='ltr'><strong>ac</strong></span> <span class='ocrx_word' id='word_1_98' title='bbox 800 2075 950 2132; x_wconf 85' lang='lat' dir='ltr'><strong>defensare</strong></span> <span class='ocrx_word' id='word_1_99' title='bbox 960 2076 1115 2152; x_wconf 85' lang='lat' dir='ltr'><strong>digneris:</strong></span> <span class='ocrx_word' id='word_1_100' title='bbox 1137 2083 1171 2136; x_wconf 86' lang='lat' dir='ltr'><strong>te</strong></span> <span class='ocrx_word' id='word_1_101' title='bbox 1182 2093 1305 2154; x_wconf 78' lang='lat' dir='ltr'><strong>rogamus</strong></span> 
     </span>
    </p>

    <p class='ocr_par' dir='ltr' id='par_1_6' title="bbox 115 2155 1307 2312">
     <span class='ocr_line' id='line_1_23' title="bbox 173 2155 1307 2235; baseline -0.001 -22"><span class='ocrx_word' id='word_1_102' title='bbox 173 2157 220 2213; x_wconf 90' lang='lat' dir='ltr'><strong>Ut</strong></span> <span class='ocrx_word' id='word_1_103' title='bbox 244 2158 384 2213; x_wconf 85' lang='lat' dir='ltr'><strong>domnum</strong></span> <span class='ocrx_word' id='word_1_104' title='bbox 407 2157 614 2232; x_wconf 89' lang='lat' dir='ltr'><strong>Apostolicum</strong></span> <span class='ocrx_word' id='word_1_105' title='bbox 639 2162 670 2213; x_wconf 85' lang='lat' dir='ltr'><strong>et·</strong></span> <span class='ocrx_word' id='word_1_106' title='bbox 690 2174 790 2213; x_wconf 87' lang='lat' dir='ltr'><strong>omnes</strong></span> <span class='ocrx_word' id='word_1_107' title='bbox 812 2155 921 2232; x_wconf 77' lang='lat' dir='ltr'><strong>gradus</strong></span> <span class='ocrx_word' id='word_1_108' title='bbox 946 2157 1102 2216; x_wconf 84' lang='lat' dir='ltr'><strong>custodire</strong></span> <span class='ocrx_word' id='word_1_109' title='bbox 1123 2159 1307 2235; x_wconf 75' lang='lat' dir='ltr'><strong>digneri82te</strong></span> 
     </span>
     <span class='ocr_line' id='line_1_24' title="bbox 115 2256 258 2312; baseline 0 -20"><span class='ocrx_word' id='word_1_110' title='bbox 115 2256 258 2312; x_wconf 71' lang='lat' dir='ltr'><strong>rogamus</strong></span> 
     </span>
    </p>

    <p class='ocr_par' dir='ltr' id='par_1_7' title="bbox 116 2316 1308 2472">
     <span class='ocr_line' id='line_1_25' title="bbox 172 2316 1308 2393; baseline -0.003 -18"><span class='ocrx_word' id='word_1_111' title='bbox 172 2316 219 2375; x_wconf 91' lang='lat' dir='ltr'><strong>Ut</strong></span> <span class='ocrx_word' id='word_1_112' title='bbox 231 2316 294 2393; x_wconf 88' lang='lat' dir='ltr'><strong>regi</strong></span> <span class='ocrx_word' id='word_1_113' title='bbox 307 2324 408 2374; x_wconf 87' lang='lat' dir='ltr'><strong>nostro</strong></span> <span class='ocrx_word' id='word_1_114' title='bbox 422 2322 452 2374; x_wconf 93' lang='lat' dir='ltr'><strong>et</strong></span> <span class='ocrx_word' id='word_1_115' title='bbox 466 2316 649 2392; x_wconf 87' lang='lat' dir='ltr'><strong>principibus</strong></span> <span class='ocrx_word' id='word_1_116' title='bbox 662 2316 771 2373; x_wconf 89' lang='lat' dir='ltr'><strong>nostris</strong></span> <span class='ocrx_word' id='word_1_117' title='bbox 785 2320 815 2373; x_wconf 87' lang='lat' dir='ltr'><strong>et</strong></span> <span class='ocrx_word' id='word_1_118' title='bbox 828 2335 929 2393; x_wconf 83' lang='lat' dir='ltr'><strong>paoem</strong></span> <span class='ocrx_word' id='word_1_119' title='bbox 942 2321 974 2374; x_wconf 86' lang='lat' dir='ltr'><strong>et</strong></span> <span class='ocrx_word' id='word_1_120' title='bbox 987 2317 1152 2375; x_wconf 84' lang='lat' dir='ltr'><strong>victoriam</strong></span> <span class='ocrx_word' id='word_1_121' title='bbox 1166 2319 1271 2378; x_wconf 71' lang='lat' dir='ltr'><strong>donea:</strong></span> <span class='ocrx_word' id='word_1_122' title='bbox 1286 2319 1308 2372; x_wconf 81' lang='lat' dir='ltr'><strong>te</strong></span> 
     </span>
     <span class='ocr_line' id='line_1_26' title="bbox 116 2417 258 2472; baseline 0.021 -21"><span class='ocrx_word' id='word_1_123' title='bbox 116 2417 258 2472; x_wconf 81' lang='lat' dir='ltr'><strong>rogamus.</strong></span> 
     </span>
    </p>

    <p class='ocr_par' dir='ltr' id='par_1_8' title="bbox 114 2476 1309 2633">
     <span class='ocr_line' id='line_1_27' title="bbox 174 2476 1309 2553; baseline 0.003 -19"><span class='ocrx_word' id='word_1_124' title='bbox 174 2478 221 2534; x_wconf 86' lang='lat' dir='ltr'><strong>Ut</strong></span> <span class='ocrx_word' id='word_1_125' title='bbox 244 2477 413 2552; x_wconf 89' lang='lat' dir='ltr'><strong>episcopum</strong></span> <span class='ocrx_word' id='word_1_126' title='bbox 433 2482 568 2534; x_wconf 89' lang='lat' dir='ltr'><strong>nostrum</strong></span> <span class='ocrx_word' id='word_1_127' title='bbox 589 2483 619 2533; x_wconf 89' lang='lat' dir='ltr'><strong>ct</strong></span> <span class='ocrx_word' id='word_1_128' title='bbox 639 2495 755 2533; x_wconf 91' lang='lat' dir='ltr'><strong>omnem</strong></span> <span class='ocrx_word' id='word_1_129' title='bbox 776 2476 1033 2553; x_wconf 76' lang='lat' dir='ltr'><strong>congregationem</strong></span> <span class='ocrx_word' id='word_1_130' title='bbox 1054 2477 1114 2535; x_wconf 88' lang='lat' dir='ltr'><strong>sibi</strong></span> <span class='ocrx_word' id='word_1_131' title='bbox 1139 2479 1309 2536; x_wconf 81' lang='lat' dir='ltr'><strong>commissam</strong></span> 
     </span>
     <span class='ocr_line' id='line_1_28' title="bbox 114 2557 973 2633; baseline 0.003 -22"><span class='ocrx_word' id='word_1_132' title='bbox 114 2559 144 2612; x_wconf 86' lang='lat' dir='ltr'><strong>in</strong></span> <span class='ocrx_word' id='word_1_133' title='bbox 160 2564 260 2615; x_wconf 85' lang='lat' dir='ltr'><strong>sancta</strong></span> <span class='ocrx_word' id='word_1_134' title='bbox 274 2558 415 2633; x_wconf 88' lang='lat' dir='ltr'><strong>religione</strong></span> <span class='ocrx_word' id='word_1_135' title='bbox 429 2576 601 2614; x_wconf 83' lang='lat' dir='ltr'><strong>conservare</strong></span> <span class='ocrx_word' id='word_1_136' title='bbox 615 2557 763 2632; x_wconf 90' lang='lat' dir='ltr'><strong>digneris:</strong></span> <span class='ocrx_word' id='word_1_137' title='bbox 784 2562 815 2614; x_wconf 86' lang='lat' dir='ltr'><strong>te</strong></span> <span class='ocrx_word' id='word_1_138' title='bbox 829 2576 973 2632; x_wconf 81' lang='lat' dir='ltr'><strong>rogamus</strong></span> 
     </span>
    </p>
   </div>
   <div class='ocr_carea' id='block_1_4' title="bbox 110 2648 1309 2991">
    <p class='ocr_par' dir='ltr' id='par_1_9' title="bbox 174 2648 1308 2729">
     <span class='ocr_line' id='line_1_29' title="bbox 174 2648 1308 2729; baseline -0.003 -22"><span class='ocrx_word' id='word_1_139' title='bbox 174 2651 221 2707; x_wconf 88' lang='lat' dir='ltr'><strong>Ut</strong></span> <span class='ocrx_word' id='word_1_140' title='bbox 234 2650 368 2707; x_wconf 88' lang='lat' dir='ltr'><strong>inimicos</strong></span> <span class='ocrx_word' id='word_1_141' title='bbox 382 2649 471 2725; x_wconf 88' lang='lat' dir='ltr'><strong>hujus</strong></span> <span class='ocrx_word' id='word_1_142' title='bbox 485 2655 592 2706; x_wconf 84' lang='lat' dir='ltr'><strong>sanctae</strong></span> <span class='ocrx_word' id='word_1_143' title='bbox 607 2649 744 2706; x_wconf 72' lang='lat' dir='ltr'><strong>Ecclesiae</strong></span> <span class='ocrx_word' id='word_1_144' title='bbox 755 2648 945 2725; x_wconf 86' lang='lat' dir='ltr'><strong>comprimere</strong></span> <span class='ocrx_word' id='word_1_145' title='bbox 958 2648 1091 2725; x_wconf 84' lang='lat' dir='ltr'><strong>digneris</strong></span> <span class='ocrx_word' id='word_1_146' title='bbox 1104 2670 1112 2708; x_wconf 97' lang='lat'><strong>:</strong></span> <span class='ocrx_word' id='word_1_147' title='bbox 1132 2656 1167 2708; x_wconf 82' lang='lat' dir='ltr'><strong>te</strong></span> <span class='ocrx_word' id='word_1_148' title='bbox 1180 2665 1308 2729; x_wconf 80' lang='lat' dir='ltr'><strong>rogamus</strong></span> 
     </span>
    </p>

    <p class='ocr_par' dir='ltr' id='par_1_10' title="bbox 110 2741 1309 2899">
     <span class='ocr_line' id='line_1_30' title="bbox 174 2741 1309 2820; baseline -0.004 -20"><span class='ocrx_word' id='word_1_149' title='bbox 174 2743 220 2801; x_wconf 90' lang='lat' dir='ltr'><strong>Ut</strong></span> <span class='ocrx_word' id='word_1_150' title='bbox 234 2749 372 2800; x_wconf 87' lang='lat' dir='ltr'><strong>cunctum</strong></span> <span class='ocrx_word' id='word_1_151' title='bbox 386 2742 529 2818; x_wconf 91' lang='lat' dir='ltr'><strong>populum</strong></span> <span class='ocrx_word' id='word_1_152' title='bbox 543 2741 746 2799; x_wconf 81' lang='lat' dir='ltr'><strong>Christianum</strong></span> <span class='ocrx_word' id='word_1_153' title='bbox 765 2741 894 2817; x_wconf 88' lang='lat' dir='ltr'><strong>pretioso</strong></span> <span class='ocrx_word' id='word_1_154' title='bbox 908 2742 1052 2819; x_wconf 85' lang='lat' dir='ltr'><strong>sanguine</strong></span> <span class='ocrx_word' id='word_1_155' title='bbox 1066 2747 1121 2801; x_wconf 85' lang='lat' dir='ltr'><strong>tuo</strong></span> <span class='ocrx_word' id='word_1_156' title='bbox 1136 2743 1309 2820; x_wconf 85' lang='lat' dir='ltr'><strong>redemptum</strong></span> 
     </span>
     <span class='ocr_line' id='line_1_31' title="bbox 110 2823 658 2899; baseline 0 -20"><span class='ocrx_word' id='word_1_157' title='bbox 110 2846 127 2879; x_wconf 86' lang='lat' dir='ltr'><strong>c</strong></span> <span class='ocrx_word' id='word_1_158' title='bbox 138 2843 284 2880; x_wconf 75' lang='lat' dir='ltr'><strong>›nserrare</strong></span> <span class='ocrx_word' id='word_1_159' title='bbox 298 2823 428 2899; x_wconf 89' lang='lat' dir='ltr'><strong>digneris</strong></span> <span class='ocrx_word' id='word_1_160' title='bbox 442 2844 448 2879; x_wconf 92' lang='lat'><strong>:</strong></span> <span class='ocrx_word' id='word_1_161' title='bbox 470 2829 500 2879; x_wconf 88' lang='lat' dir='ltr'><strong>te</strong></span> <span class='ocrx_word' id='word_1_162' title='bbox 514 2841 658 2899; x_wconf 78' lang='lat' dir='ltr'><strong>rogamus</strong></span> 
     </span>
    </p>

    <p class='ocr_par' dir='ltr' id='par_1_11' title="bbox 173 2913 1138 2991">
     <span class='ocr_line' id='line_1_32' title="bbox 173 2913 1138 2991; baseline 0 -19"><span class='ocrx_word' id='word_1_163' title='bbox 173 2916 220 2972; x_wconf 86' lang='lat' dir='ltr'><strong>Ut</strong></span> <span class='ocrx_word' id='word_1_164' title='bbox 234 2935 287 2971; x_wconf 87' lang='lat' dir='ltr'><strong>nos</strong></span> <span class='ocrx_word' id='word_1_165' title='bbox 300 2914 387 2971; x_wconf 88' lang='lat' dir='ltr'><strong>hodie</strong></span> <span class='ocrx_word' id='word_1_166' title='bbox 401 2916 464 2971; x_wconf 89' lang='lat' dir='ltr'><strong>sine</strong></span> <span class='ocrx_word' id='word_1_167' title='bbox 477 2922 595 2991; x_wconf 88' lang='lat' dir='ltr'><strong>peccato</strong></span> <span class='ocrx_word' id='word_1_168' title='bbox 610 2913 756 2971; x_wconf 88' lang='lat' dir='ltr'><strong>custodire</strong></span> <span class='ocrx_word' id='word_1_169' title='bbox 774 2913 903 2990; x_wconf 80' lang='lat' dir='ltr'><strong>digneris</strong></span> <span class='ocrx_word' id='word_1_170' title='bbox 917 2935 924 2972; x_wconf 75' lang='grc' dir='ltr'><strong><em>ε</em></strong></span> <span class='ocrx_word' id='word_1_171' title='bbox 944 2920 975 2971; x_wconf 90' lang='lat' dir='ltr'><strong>te</strong></span> <span class='ocrx_word' id='word_1_172' title='bbox 989 2932 1138 2989; x_wconf 83' lang='lat' dir='ltr'><strong>rogamus.</strong></span> 
     </span>
    </p>
   </div>
   <div class='ocr_carea' id='block_1_5' title="bbox 114 3005 1308 4456">
    <p class='ocr_par' dir='ltr' id='par_1_12' title="bbox 115 3005 1308 3162">
     <span class='ocr_line' id='line_1_33' title="bbox 171 3005 1308 3084; baseline -0.004 -20"><span class='ocrx_word' id='word_1_173' title='bbox 171 3006 219 3064; x_wconf 90' lang='lat' dir='ltr'><strong>Ut</strong></span> <span class='ocrx_word' id='word_1_174' title='bbox 239 3008 377 3084; x_wconf 88' lang='lat' dir='ltr'><strong>angelum</strong></span> <span class='ocrx_word' id='word_1_175' title='bbox 397 3013 484 3064; x_wconf 90' lang='lat' dir='ltr'><strong>tuum</strong></span> <span class='ocrx_word' id='word_1_176' title='bbox 505 3013 640 3064; x_wconf 83' lang='lat' dir='ltr'><strong>sanctum</strong></span> <span class='ocrx_word' id='word_1_177' title='bbox 661 3006 699 3063; x_wconf 87' lang='lat' dir='ltr'><strong>ad</strong></span> <span class='ocrx_word' id='word_1_178' title='bbox 726 3005 851 3064; x_wconf 91' lang='lat' dir='ltr'><strong>tutelam</strong></span> <span class='ocrx_word' id='word_1_179' title='bbox 872 3006 957 3063; x_wconf 90' lang='lat' dir='ltr'><strong>nobis</strong></span> <span class='ocrx_word' id='word_1_180' title='bbox 976 3006 1100 3064; x_wconf 87' lang='lat' dir='ltr'><strong>mittere</strong></span> <span class='ocrx_word' id='word_1_181' title='bbox 1119 3006 1268 3084; x_wconf 88' lang='lat' dir='ltr'><strong>digneris:</strong></span> <span class='ocrx_word' id='word_1_182' title='bbox 1285 3010 1308 3061; x_wconf 86' lang='lat' dir='ltr'><strong>te</strong></span> 
     </span>
     <span class='ocr_line' id='line_1_34' title="bbox 115 3106 258 3162; baseline 0.014 -21"><span class='ocrx_word' id='word_1_183' title='bbox 115 3106 258 3162; x_wconf 80' lang='lat' dir='ltr'><strong>rogamus.</strong></span> 
     </span>
    </p>

    <p class='ocr_par' dir='ltr' id='par_1_13' title="bbox 114 3165 1307 3321">
     <span class='ocr_line' id='line_1_35' title="bbox 174 3165 1307 3244; baseline -0.003 -21"><span class='ocrx_word' id='word_1_184' title='bbox 174 3166 220 3223; x_wconf 86' lang='lat' dir='ltr'><strong>Ut</strong></span> <span class='ocrx_word' id='word_1_185' title='bbox 244 3167 305 3223; x_wconf 75' lang='lat' dir='ltr'><strong>elles</strong></span> <span class='ocrx_word' id='word_1_186' title='bbox 328 3173 359 3223; x_wconf 90' lang='lat' dir='ltr'><strong>et</strong></span> <span class='ocrx_word' id='word_1_187' title='bbox 382 3175 466 3224; x_wconf 89' lang='lat' dir='ltr'><strong>actus</strong></span> <span class='ocrx_word' id='word_1_188' title='bbox 488 3174 604 3225; x_wconf 91' lang='lat' dir='ltr'><strong>nostros</strong></span> <span class='ocrx_word' id='word_1_189' title='bbox 628 3167 660 3224; x_wconf 91' lang='lat' dir='ltr'><strong>in</strong></span> <span class='ocrx_word' id='word_1_190' title='bbox 683 3173 737 3224; x_wconf 85' lang='lat' dir='ltr'><strong>tua</strong></span> <span class='ocrx_word' id='word_1_191' title='bbox 757 3165 912 3223; x_wconf 77' lang='lat' dir='ltr'><strong>volimtate</strong></span> <span class='ocrx_word' id='word_1_192' title='bbox 936 3165 1094 3242; x_wconf 85' lang='lat' dir='ltr'><strong>disponere</strong></span> <span class='ocrx_word' id='word_1_193' title='bbox 1118 3166 1267 3244; x_wconf 86' lang='lat' dir='ltr'><strong>digneris:</strong></span> <span class='ocrx_word' id='word_1_194' title='bbox 1284 3170 1307 3222; x_wconf 86' lang='lat' dir='ltr'><strong>te</strong></span> 
     </span>
     <span class='ocr_line' id='line_1_36' title="bbox 114 3264 258 3321; baseline 0.007 -20"><span class='ocrx_word' id='word_1_195' title='bbox 114 3264 258 3321; x_wconf 82' lang='lat' dir='ltr'><strong>rogamus.</strong></span> 
     </span>
    </p>

    <p class='ocr_par' dir='ltr' id='par_1_14' title="bbox 115 3324 1306 3479">
     <span class='ocr_line' id='line_1_37' title="bbox 175 3324 1306 3406; baseline 0.001 -24"><span class='ocrx_word' id='word_1_196' title='bbox 175 3327 221 3382; x_wconf 87' lang='lat' dir='ltr'><strong>Ut</strong></span> <span class='ocrx_word' id='word_1_197' title='bbox 231 3326 432 3384; x_wconf 87' lang='lat' dir='ltr'><strong>remissionem</strong></span> <span class='ocrx_word' id='word_1_198' title='bbox 441 3327 574 3384; x_wconf 90' lang='lat' dir='ltr'><strong>omnium</strong></span> <span class='ocrx_word' id='word_1_199' title='bbox 582 3332 768 3404; x_wconf 82' lang='lat' dir='ltr'><strong>pecca-torum</strong></span> <span class='ocrx_word' id='word_1_200' title='bbox 780 3332 947 3384; x_wconf 87' lang='lat' dir='ltr'><strong>nostrorum</strong></span> <span class='ocrx_word' id='word_1_201' title='bbox 955 3325 1041 3383; x_wconf 83' lang='lat' dir='ltr'><strong>nobis</strong></span> <span class='ocrx_word' id='word_1_202' title='bbox 1049 3325 1165 3386; x_wconf 82' lang='lat' dir='ltr'><strong>donare</strong></span> <span class='ocrx_word' id='word_1_203' title='bbox 1176 3324 1306 3406; x_wconf 82' lang='lat' dir='ltr'><strong>digneris:</strong></span> 
     </span>
     <span class='ocr_line' id='line_1_38' title="bbox 115 3414 307 3479; baseline 0.005 -18"><span class='ocrx_word' id='word_1_204' title='bbox 115 3414 145 3462; x_wconf 84' lang='lat' dir='ltr'><strong>to</strong></span> <span class='ocrx_word' id='word_1_205' title='bbox 163 3425 307 3479; x_wconf 86' lang='lat' dir='ltr'><strong>rogamus.</strong></span> 
     </span>
    </p>

    <p class='ocr_par' dir='ltr' id='par_1_15' title="bbox 114 3486 1307 3643">
     <span class='ocr_line' id='line_1_39' title="bbox 174 3486 1307 3563; baseline -0.002 -19"><span class='ocrx_word' id='word_1_206' title='bbox 174 3487 221 3544; x_wconf 81' lang='lat' dir='ltr'><strong>Ut</strong></span> <span class='ocrx_word' id='word_1_207' title='bbox 245 3486 381 3544; x_wconf 89' lang='lat' dir='ltr'><strong>omnibus</strong></span> <span class='ocrx_word' id='word_1_208' title='bbox 408 3487 643 3545; x_wconf 81' lang='lat' dir='ltr'><strong>benefactoribus</strong></span> <span class='ocrx_word' id='word_1_209' title='bbox 670 3487 779 3544; x_wconf 84' lang='lat' dir='ltr'><strong>nostris</strong></span> <span class='ocrx_word' id='word_1_210' title='bbox 806 3486 986 3563; x_wconf 86' lang='lat' dir='ltr'><strong>sempiterna</strong></span> <span class='ocrx_word' id='word_1_211' title='bbox 1011 3486 1092 3544; x_wconf 85' lang='lat' dir='ltr'><strong>bona</strong></span> <span class='ocrx_word' id='word_1_212' title='bbox 1120 3489 1256 3547; x_wconf 80' lang='lat' dir='ltr'><strong>tribuas:</strong></span> <span class='ocrx_word' id='word_1_213' title='bbox 1284 3490 1307 3542; x_wconf 82' lang='lat' dir='ltr'><strong>te</strong></span> 
     </span>
     <span class='ocr_line' id='line_1_40' title="bbox 114 3586 257 3643; baseline 0.014 -22"><span class='ocrx_word' id='word_1_214' title='bbox 114 3586 257 3643; x_wconf 82' lang='lat' dir='ltr'><strong>rogamus.</strong></span> 
     </span>
    </p>

    <p class='ocr_par' dir='ltr' id='par_1_16' title="bbox 115 3645 1307 3803">
     <span class='ocr_line' id='line_1_41' title="bbox 174 3645 1307 3727; baseline -0.004 -23"><span class='ocrx_word' id='word_1_215' title='bbox 174 3648 221 3704; x_wconf 87' lang='lat' dir='ltr'><strong>Ut</strong></span> <span class='ocrx_word' id='word_1_216' title='bbox 235 3647 347 3705; x_wconf 89' lang='lat' dir='ltr'><strong>cunctis</strong></span> <span class='ocrx_word' id='word_1_217' title='bbox 368 3647 504 3705; x_wconf 89' lang='lat' dir='ltr'><strong>fidelibus</strong></span> <span class='ocrx_word' id='word_1_218' title='bbox 518 3646 665 3705; x_wconf 85' lang='lat' dir='ltr'><strong>defunctis</strong></span> <span class='ocrx_word' id='word_1_219' title='bbox 679 3647 810 3722; x_wconf 89' lang='lat' dir='ltr'><strong>requiem</strong></span> <span class='ocrx_word' id='word_1_220' title='bbox 831 3653 973 3705; x_wconf 81' lang='lat' dir='ltr'><strong>aeternam</strong></span> <span class='ocrx_word' id='word_1_221' title='bbox 986 3645 1099 3706; x_wconf 86' lang='lat' dir='ltr'><strong>donare</strong></span> <span class='ocrx_word' id='word_1_222' title='bbox 1121 3648 1267 3727; x_wconf 86' lang='lat' dir='ltr'><strong>digneris:</strong></span> <span class='ocrx_word' id='word_1_223' title='bbox 1284 3652 1307 3701; x_wconf 87' lang='lat' dir='ltr'><strong>te</strong></span> 
     </span>
     <span class='ocr_line' id='line_1_42' title="bbox 115 3747 258 3803; baseline 0.042 -25"><span class='ocrx_word' id='word_1_224' title='bbox 115 3747 258 3803; x_wconf 78' lang='lat' dir='ltr'><strong>rogamus.</strong></span> 
     </span>
    </p>

    <p class='ocr_par' dir='ltr' id='par_1_17' title="bbox 174 3820 814 3896">
     <span class='ocr_line' id='line_1_43' title="bbox 174 3820 814 3896; baseline 0 -20"><span class='ocrx_word' id='word_1_225' title='bbox 174 3821 221 3877; x_wconf 87' lang='lat' dir='ltr'><strong>Ut</strong></span> <span class='ocrx_word' id='word_1_226' title='bbox 235 3839 287 3876; x_wconf 85' lang='lat' dir='ltr'><strong>nos</strong></span> <span class='ocrx_word' id='word_1_227' title='bbox 301 3820 442 3877; x_wconf 87' lang='lat' dir='ltr'><strong>exaudire</strong></span> <span class='ocrx_word' id='word_1_228' title='bbox 456 3820 584 3895; x_wconf 89' lang='lat' dir='ltr'><strong>digneris</strong></span> <span class='ocrx_word' id='word_1_229' title='bbox 599 3841 605 3878; x_wconf 93' lang='lat'><strong>:</strong></span> <span class='ocrx_word' id='word_1_230' title='bbox 626 3824 657 3877; x_wconf 85' lang='lat' dir='ltr'><strong>te</strong></span> <span class='ocrx_word' id='word_1_231' title='bbox 670 3838 814 3896; x_wconf 84' lang='lat' dir='ltr'><strong>rogamus</strong></span> 
     </span>
    </p>

    <p class='ocr_par' dir='ltr' id='par_1_18' title="bbox 174 3899 701 3975">
     <span class='ocr_line' id='line_1_44' title="bbox 174 3899 701 3975; baseline 0.002 -20"><span class='ocrx_word' id='word_1_232' title='bbox 174 3899 234 3955; x_wconf 83' lang='lat' dir='ltr'><strong>Fili</strong></span> <span class='ocrx_word' id='word_1_233' title='bbox 248 3900 306 3957; x_wconf 92' lang='lat' dir='ltr'><strong>Dei</strong></span> <span class='ocrx_word' id='word_1_234' title='bbox 321 3921 328 3957; x_wconf 93' lang='lat'><strong>:</strong></span> <span class='ocrx_word' id='word_1_235' title='bbox 350 3907 380 3957; x_wconf 86' lang='lat' dir='ltr'><strong>te</strong></span> <span class='ocrx_word' id='word_1_236' title='bbox 395 3920 540 3975; x_wconf 69' lang='lat' dir='ltr'><strong>rogamus</strong></span> <span class='ocrx_word' id='word_1_237' title='bbox 556 3900 627 3957; x_wconf 84' lang='lat' dir='ltr'><strong>audi</strong></span> <span class='ocrx_word' id='word_1_238' title='bbox 640 3920 701 3956; x_wconf 87' lang='lat' dir='ltr'><strong>nos.</strong></span> 
     </span>
    </p>

    <p class='ocr_par' dir='ltr' id='par_1_19' title="bbox 172 3977 829 4056">
     <span class='ocr_line' id='line_1_45' title="bbox 172 3977 829 4056; baseline 0.002 -21"><span class='ocrx_word' id='word_1_239' title='bbox 172 3979 280 4055; x_wconf 87' lang='lat' dir='ltr'><strong>Agnus</strong></span> <span class='ocrx_word' id='word_1_240' title='bbox 295 3980 361 4052; x_wconf 82' lang='lat' dir='ltr'><strong>Dei,</strong></span> <span class='ocrx_word' id='word_1_241' title='bbox 376 3981 429 4055; x_wconf 88' lang='lat' dir='ltr'><strong>qui</strong></span> <span class='ocrx_word' id='word_1_242' title='bbox 442 3981 522 4038; x_wconf 85' lang='lat' dir='ltr'><strong>tollis</strong></span> <span class='ocrx_word' id='word_1_243' title='bbox 536 3987 655 4056; x_wconf 87' lang='lat' dir='ltr'><strong>peccata</strong></span> <span class='ocrx_word' id='word_1_244' title='bbox 668 3977 781 4052; x_wconf 87' lang='lat' dir='ltr'><strong>mundi,</strong></span> <span class='ocrx_word' id='word_1_245' title='bbox 799 3978 829 4036; x_wconf 80' lang='lat' dir='ltr'><strong>ii.</strong></span> 
     </span>
    </p>

    <p class='ocr_par' dir='ltr' id='par_1_20' title="bbox 174 4059 462 4130">
     <span class='ocr_line' id='line_1_46' title="bbox 174 4059 462 4130; baseline 0.007 -15"><span class='ocrx_word' id='word_1_246' title='bbox 174 4059 301 4130; x_wconf 78' lang='lat' dir='ltr'><strong>Christe,</strong></span> <span class='ocrx_word' id='word_1_247' title='bbox 317 4060 389 4116; x_wconf 91' lang='lat' dir='ltr'><strong>audi</strong></span> <span class='ocrx_word' id='word_1_248' title='bbox 402 4080 462 4118; x_wconf 91' lang='lat' dir='ltr'><strong>nos.</strong></span> 
     </span>
    </p>

    <p class='ocr_par' dir='ltr' id='par_1_21' title="bbox 174 4138 410 4215">
     <span class='ocr_line' id='line_1_47' title="bbox 174 4138 410 4215; baseline 0.013 -20"><span class='ocrx_word' id='word_1_249' title='bbox 174 4138 271 4214; x_wconf 87' lang='lat' dir='ltr'><strong>Kyrie</strong></span> <span class='ocrx_word' id='word_1_250' title='bbox 285 4140 410 4215; x_wconf 82' lang='lat' dir='ltr'><strong>eleyson.</strong></span> 
     </span>
    </p>

    <p class='ocr_par' dir='ltr' id='par_1_22' title="bbox 173 4217 1211 4299">
     <span class='ocr_line' id='line_1_48' title="bbox 173 4217 1211 4299; baseline 0.007 -25"><span class='ocrx_word' id='word_1_251' title='bbox 173 4217 369 4294; x_wconf 89' lang='lat' dir='ltr'><strong>Omnipotens</strong></span> <span class='ocrx_word' id='word_1_252' title='bbox 383 4220 561 4295; x_wconf 87' lang='lat' dir='ltr'><strong>sempiterno</strong></span> <span class='ocrx_word' id='word_1_253' title='bbox 576 4220 666 4294; x_wconf 80' lang='lat' dir='ltr'><strong>Deua,</strong></span> <span class='ocrx_word' id='word_1_254' title='bbox 682 4219 791 4292; x_wconf 88' lang='lat' dir='ltr'><strong>adesto,</strong></span> <span class='ocrx_word' id='word_1_255' title='bbox 807 4227 833 4277; x_wconf 86' lang='lat' dir='ltr'><strong>et</strong></span> <span class='ocrx_word' id='word_1_256' title='bbox 846 4226 938 4278; x_wconf 77' lang='lat' dir='ltr'><strong>cetera</strong></span> <span class='ocrx_word' id='word_1_257' title='bbox 948 4225 983 4276; x_wconf 80' lang='lat' dir='ltr'><strong>ut</strong></span> <span class='ocrx_word' id='word_1_258' title='bbox 996 4238 1100 4294; x_wconf 80' lang='lat' dir='ltr'><strong>cupra,</strong></span> <span class='ocrx_word' id='word_1_259' title='bbox 1116 4241 1146 4299; x_wconf 91' lang='lat' dir='ltr'><strong>p.</strong></span> <span class='ocrx_word' id='word_1_260' title='bbox 1165 4223 1211 4281; x_wconf 74' lang='lat'><strong>14.</strong></span> 
     </span>
    </p>

    <p class='ocr_par' dir='ltr' id='par_1_23' title="bbox 171 4297 1085 4375">
     <span class='ocr_line' id='line_1_49' title="bbox 171 4297 1085 4375; baseline 0.007 -22"><span class='ocrx_word' id='word_1_261' title='bbox 171 4297 230 4354; x_wconf 90' lang='lat' dir='ltr'><strong>Per</strong></span> <span class='ocrx_word' id='word_1_262' title='bbox 243 4298 343 4355; x_wconf 87' lang='lat' dir='ltr'><strong>omnia</strong></span> <span class='ocrx_word' id='word_1_263' title='bbox 356 4301 461 4357; x_wconf 72' lang='lat' dir='ltr'><strong>saecula</strong></span> <span class='ocrx_word' id='word_1_264' title='bbox 475 4302 659 4372; x_wconf 78' lang='lat' dir='ltr'><strong>saeculorum,</strong></span> <span class='ocrx_word' id='word_1_265' title='bbox 674 4310 700 4359; x_wconf 79' lang='lat' dir='ltr'><strong>et</strong></span> <span class='ocrx_word' id='word_1_266' title='bbox 711 4308 801 4359; x_wconf 83' lang='lat' dir='ltr'><strong>cetera</strong></span> <span class='ocrx_word' id='word_1_267' title='bbox 815 4308 849 4356; x_wconf 83' lang='lat' dir='ltr'><strong>ut</strong></span> <span class='ocrx_word' id='word_1_268' title='bbox 864 4318 955 4375; x_wconf 80' lang='lat' dir='ltr'><strong>capra</strong></span> <span class='ocrx_word' id='word_1_269' title='bbox 968 4297 1085 4360; x_wconf 73' lang='lat' dir='ltr'><strong>ibidem.</strong></span> 
     </span>
    </p>

    <p class='ocr_par' dir='ltr' id='par_1_24' title="bbox 170 4377 1104 4456">
     <span class='ocr_line' id='line_1_50' title="bbox 170 4377 1104 4456; baseline 0.006 -24"><span class='ocrx_word' id='word_1_270' title='bbox 170 4377 252 4434; x_wconf 89' lang='lat' dir='ltr'><strong>Vere</strong></span> <span class='ocrx_word' id='word_1_271' title='bbox 265 4378 397 4454; x_wconf 86' lang='lat' dir='ltr'><strong>dignum.</strong></span> <span class='ocrx_word' id='word_1_272' title='bbox 442 4381 502 4450; x_wconf 82' lang='lat' dir='ltr'><strong>Qui</strong></span> <span class='ocrx_word' id='word_1_273' title='bbox 515 4382 670 4456; x_wconf 85' lang='lat' dir='ltr'><strong>invisibili,</strong></span> <span class='ocrx_word' id='word_1_274' title='bbox 685 4389 712 4441; x_wconf 82' lang='lat' dir='ltr'><strong>et</strong></span> <span class='ocrx_word' id='word_1_275' title='bbox 725 4390 816 4440; x_wconf 78' lang='lat' dir='ltr'><strong>cetero</strong></span> <span class='ocrx_word' id='word_1_276' title='bbox 829 4389 864 4438; x_wconf 80' lang='lat' dir='ltr'><strong>art</strong></span> <span class='ocrx_word' id='word_1_277' title='bbox 881 4398 974 4455; x_wconf 71' lang='lat' dir='ltr'><strong>supra</strong></span> <span class='ocrx_word' id='word_1_278' title='bbox 987 4378 1104 4440; x_wconf 76' lang='lat' dir='ltr'><strong>ibidena</strong></span> 
     </span>
    </p>
   </div>
   <div class='ocr_carea' id='block_1_6' title="bbox 0 0 1434 4800">
    <p class='ocr_par' dir='ltr' id='par_1_25' title="bbox 0 0 1434 4800">
     <span class='ocr_line' id='line_1_51' title="bbox 0 0 1434 4800; baseline 0 0"><span class='ocrx_word' id='word_1_279' title='bbox 0 0 1434 4800; x_wconf 95' lang='lat' dir='ltr'><strong> </strong></span> 
     </span>
    </p>
   </div>
  </div>
 </body>
</html>
