2850 4800
117 295 178 360 66·
466 290 694 357 Man-uuieud
706 312 811 356 suurn
823 290 963 358 Sarum.
1033 322 1037 327 ·

115 457 260 515 coriorum
283 458 320 516 ub
340 459 445 517 eisdem
464 457 630 516 lectoribus
653 464 814 517 cuntemur.
857 456 994 533 Septima
1016 456 1127 519 lectio
1150 478 1222 519 ocem
1247 458 1323 519 run

115 537 302 612 Bosporuorii
319 540 377 609 uri,
391 547 416 595 et
428 539 470 596 sic
483 538 623 613 deiruepc,
638 537 672 594 in
687 537 836 612 superiore
853 537 954 612 qrudu
971 539 1156 613 eupmdicto
1173 540 1261 599 modo
1274 540 1322 599 tte

114 627 261 687 currant,·
288 619 332 675 itu
350 628 447 675 tomen
469 617 548 691 quod
565 637 678 675 nimium
698 616 925 691 Beopmreorium
943 637 965 675 a
982 618 1107 677 duobus
1130 620 1169 677 de
1185 620 1320 695 superiore

113 698 213 770 qrodu
226 706 358 755 coutetur
371 700 412 755 ad
423 699 552 772 qrcdum
566 696 664 768 Obori,
678 696 782 754 habitu
794 717 855 755 non
873 706 998 769 mutato,
1013 718 1089 757 eum
1101 700 1170 759 secie
1189 700 1317 759 Vem'iue.

174 776 215 834 Et
229 778 377 835 sciendum
390 786 429 835 est
443 779 521 852 quod
533 797 642 852 seneper
651 776 769 834 dicatur
782 798 801 833 u
810 776 962 835 Sacerdote
975 776 1018 835 Et
1031 796 1076 837 ns
1089 797 1147 837 nos
1154 788 1228 855 post
1240 778 1318 837 Pater

115 864 216 914 noster
227 866 295 915 unte
310 859 496 933 inceptionem
509 858 686 927 Lectionum,
700 858 932 931 quandocunque
944 856 1072 915 dicutur·
1084 860 1245 917 seruitium
1254 878 1317 917 mor·

115 945 233 996 tuorum
247 946 308 995 tam
318 938 410 995 trium
423 957 512 1011 quam
525 957 625 995 norem
634 937 812 995 Lectionum.
856 936 961 994 Ormoes
972 956 1042 995 storo
1058 938 1220 999 Vereusab
1229 938 1316 1015 aliquo

115 1016 266 1075 Sacerdote
289 1019 324 1075 de
348 1018 492 1093 cnpcriori
513 1018 612 1091 qrudu
633 1016 773 1073 dicantur
795 1015 848 1073 surb
868 1016 964 1074 eodem
984 1025 1065 1089 tono,
1087 1036 1150 1093 quo
1174 1018 1212 1077 in
1234 1018 1316 1077 triiut

115 1097 245 1155 noctibus
264 1107 331 1155 (crete
345 1098 469 1168 Pescia,
490 1097 548 1154 ioco
561 1116 612 1154 nec
630 1096 734 1154 habitu
753 1105 875 1169 nudato,
888 1096 934 1154 uel
950 1096 988 1154 ab
1007 1106 1180 1159 asecutore
1192 1098 1316 1175 qfficffiet

114 1178 284 1252 respondent
299 1177 413 1236 Oieorus
426 1177 595 1252 supradicto
608 1177 700 1233 modo.

176 1256 301 1326 Qrecrrdo
325 1277 388 1315 rero
404 1260 445 1331 fit
464 1256 615 1315 cervicium
630 1275 687 1331 pro
630 1275 822 1331 preorpore
835 1255 983 1349 prementi,
997 1274 1064 1315 non
1077 1278 1142 1333 pro
1164 1258 1313 1329 Uarronise.

114 1356 210 1394 omnes
229 1335 405 1412 rintipieorue
422 1345 530 1412 praetor
552 1337 680 1429 quinque
695 1336 901 1411 principales
887 1356 923 1393 en
942 1336 1074 1394 secunda
1088 1337 1204 1412 foruna
1224 1358 1315 1415 supro

114 1417 190 1473 ditco
210 1419 294 1475 niodo
315 1418 493 1487 discurrant,
515 1417 583 1473 duce
597 1416 704 1508 primu
723 1415 869 1474 Lectiones
888 1436 956 1473 cum
975 1415 1040 1473 curis
1060 1416 1298 1493 Recporuoriie'
1286 1436 1315 1477 m

108 1495 331 1570 prinmsormc,
343 1498 468 1554 terticet
482 1505 589 1571 quarto
602 1496 636 1552 in
649 1494 903 1569 secunduforma;
921 1495 1069 1569 quintoet
1084 1498 1129 1555 sic
1286 1498 1316 1555 in

112 1576 257 1668 superiqri
275 1577 378 1650 qrcdu.
421 1576 549 1651 Sinqutc
561 1595 627 1633 uero
639 1574 834 1651 Responsoriu
847 1594 869 1632 a
881 1575 994 1633 duobus
1012 1576 1057 1633 ad
1077 1586 1174 1653 caput

113 1657 154 1712 od
178 1655 315 1713 orientem
339 1657 487 1727 conversio,
512 1656 615 1713 iiair'tu
640 1675 701 1712 non
720 1664 842 1726 mutato,
863 1664 1025 1713 conteretur
1088 1656 1243 1717 Ultimum
1259 1676 1315 1717 otro

113 1735 338 1809 Responcorium
352 1737 472 1794 utribus
485 1756 552 1793 cum
565 1735 730 1810 repetitione
744 1744 884 1807 cantetur,
900 1735 958 1793 ioco
967 1744 995 1793 et
1006 1734 1115 1795 habitu
1128 1738 1316 1815 supradicto;

112 1815 156 1871 itu
170 1824 267 1872 tunzen
287 1818 364 1891 quod
377 1816 440 1873 ui
427 1817 500 1891 ipsis
521 1815 698 1874 Cantoribus
718 1824 812 1872 caritot
812 1835 851 1872 ur
870 1824 896 1871 et
915 1814 1075 1873 inchoetur.
1117 1816 1223 1894 Sinqu
1224 1818 1247 1877 li
1258 1836 1316 1877 uero

118 1895 258 1953 tersicuii
284 1916 304 1953 u
323 1896 434 1953 duobus
449 1896 553 1971 pueris
573 1896 679 1953 ibidem
698 1896 844 1966 dicuntur,
865 1894 969 1953 itubitu
989 1914 1052 1953 non
1073 1906 1205 1957 mutato.
1252 1898 1314 1957 Non

111 1977 341 2049 respondeantur
358 1977 393 2032 in
410 1976 573 2048 audientia,
595 1976 714 2049 ancrrdo
734 1975 878 2033 dicuntzn·
897 1995 916 2033 α
937 1974 1060 2035 duobus.
1106 1974 1217 2037 Cetera
1235 1987 1269 2037 ut
1285 1976 1315 2035 in

113 2055 183 2112 utiis
203 2056 317 2129 Viqiliis
325 2055 483 2131 prcedictie.

172 2135 319 2210 Requiem
333 2142 473 2192 aeternam
486 2136 565 2192 dona
577 2135 628 2203 eis,
644 2135 772 2192 Domine
787 2156 793 2192 :

213 2216 254 2271 Et
267 2217 322 2271 lux
335 2222 478 2292 perpetua
491 2216 589 2272 luceat
602 2215 652 2272 eis.

171 2294 207 2352 Si
219 2315 283 2352 uero
288 2295 389 2368 feeerit
403 2315 506 2370 corpus
519 2295 653 2352 carronici
666 2294 871 2370 cujuscunque,
883 2296 979 2353 eodem
996 2294 1085 2353 modo
1091 2298 1158 2371 ficet
1171 2298 1315 2357 mumdum

109 2374 184 2432 sicut
197 2377 231 2434 in
245 2376 457 2434 anoeiuersnriis
469 2374 667 2450 episcoporum
680 2376 808 2451 ejusdem
822 2374 964 2433 Eccleeice.

589 2556 643 2614 An
663 2557 834 2615 Vnsrnnss.

171 2683 213 2742 In
243 2684 356 2758 Viqiiiis
376 2684 564 2742 Mor-tuorum
584 2684 627 2742 cd
650 2685 832 2760 Vesperas
804 2705 867 2743 soree
883 2685 995 2743 Deus
985 2704 1020 2742 1n
1039 2685 1090 2745 td
1075 2690 1266 2764 Jutorium'
1252 2690 1314 2751 tuci·

107 2763 215 2838 piatur
227 2764 261 2822 in
274 2764 419 2840 superiori
430 2765 529 2838 quodne
542 2765 716 2840 Antiphonti
730 2764 864 2822 Placeb0.

173 2844 318 2902 Psuirnus.
362 2844 465 2901 Dilexi
477 2845 568 2919 (cocio
572 2843 589 2921 )

172 2923 233 2982 Iste
247 2944 365 2998 sequens
383 2923 546 2982 Versiculus
559 2924 665 2982 scilicet
682 2923 809 2982 Placebo
830 2923 961 2982 Domino
980 2924 1013 2981 in
1032 2926 1160 3003 regione
1172 2930 1314 3023 vivorum,

114 3023 144 3060 eo
168 3005 257 3095 quod
267 3004 343 3061 idom
363 3014 403 3062 est
423 3025 490 3061 cum
509 3004 681 3078 Antiplcono
701 3004 830 3078 sequenti
847 3024 908 3062 non
924 3004 1044 3062 dicotur
1059 3026 1120 3081 pro
1146 3008 1294 3083 Versu,
1261 3008 1314 3067 nsei

115 3092 232 3139 tuntum
244 3083 279 3140 in
292 3084 475 3157 quotidianis
494 3084 634 3159 obsequiis
653 3093 836 3141 mortuorum
837 3086 977 3159 ,quando
990 3104 1056 3141 unu
1068 3086 1134 3145 solu
1146 3088 1312 3183 Antiplsqm

114 3162 185 3218 dicit
176 3171 225 3218 tur
251 3183 338 3236 super
364 3164 542 3221 Psatnncm:
577 3164 626 3221 sed
648 3163 741 3255 finito
772 3164 861 3223 Versu
889 3164 968 3255 Quia
995 3164 1118 3241 eripuit,
1152 3168 1312 3229 immediate

113 3248 252 3315 sequatur
265 3242 436 3317 Antiphone
449 3243 575 3300 Placebo
590 3243 741 3301 Domino
732 3263 766 3299 m
779 3244 898 3320 regione
910 3244 1056 3301 vivorum.

174 3320 354 3396 Antiphone.
398 3324 469 3380 Heu
483 3343 537 3380 me.

175 3402 320 3459 Fecimus.
363 3402 415 3459 Ad
430 3404 593 3460 Dominum
606 3402 719 3478 (cun'cc.)

175 3481 355 3557 Antn'pirono.
399 3484 471 3540 Heu
485 3503 532 3540 me
550 3483 620 3558 quia
633 3483 780 3541 incolatus
793 3501 876 3541 meus
889 3482 1082 3559 prolongutus
1097 3491 1152 3547 est.

175 3562 355 3638 Antiphone.
399 3564 554 3620 Dominus.

176 3643 322 3702 Peoimus.
365 3643 478 3700 Levavi
491 3641 589 3719 (cocu.)

176 3722 359 3799 Antiplcono.
400 3722 547 3780 Dominus
561 3722 690 3780 custodit
708 3728 739 3780 te
753 3723 790 3779 ab
803 3722 885 3779 omni
904 3722 1002 3781 malo:
1023 3724 1178 3785 custodiat
1191 3728 1310 3787 animm

115 3807 199 3860 tuam
213 3804 368 3861 Dominus.

176 3881 360 3957 Antiplconae.
404 3883 436 3940 Si
449 3881 630 3956 iniquitates.

177 3963 321 4021 Psaimus.
366 3962 413 4019 Dc
425 3961 579 4054 profundis
591 3960 699 4037 (cccix
704 3962 724 4037 )

176 4043 355 4117 Antiphone
404 4042 436 4100 Si
466 4041 640 4118 iniquitates
670 4040 881 4114 observaveris,
902 4040 1049 4101 Domine·
1084 4043 1228 4121 Domine,
1253 4042 1311 4125 quit

115 4123 288 4182 sustinebit?

176 4203 353 4278 Antiphone.
397 4203 501 4278 Opera.

175 4284 321 4340 Psotmus.
364 4280 709 4358 Confitebor(cxcocuii.)

176 4361 355 4437 Anteptonu.
398 4362 496 4437 Opera
508 4381 651 4420 manuum
663 4367 793 4435 tucrum,
808 4359 945 4437 Domine,
958 4380 997 4423 ns
1010 4360 1165 4443 despicies.
