2850 4800
116 305 177 370 26*
465 300 810 367 Mannolcodooum
823 300 977 368 Sarum.-

176 468 247 525 Alia
260 467 415 526 benedictio
428 487 495 525 cum
509 467 644 527 Oremus.

177 548 288 605 Manus
312 548 436 606 Domini
458 549 500 605 sit
523 568 612 624 super
631 567 704 606 ros:
725 548 887 625 mittatque
905 548 1046 625 angelum
1065 567 1155 606 suum
1174 551 1313 619 muctam,

114 629 167 705 qui
180 628 328 685 custodiat
341 648 394 685 ros
408 629 546 685 omnibus
559 629 663 686 diebus
676 630 747 686 vitae
760 635 874 686 restite.
916 630 1025 687 Arnen.

174 708 249 765 Atia
262 708 417 767 benedictio
431 728 499 767 cuno
512 709 646 766 Oremus

176 787 378 867 Benoffidicat
391 808 443 845 ros
457 789 557 860 Pater,
573 798 604 846 et
617 789 722 862 Filius,
738 796 769 848 et
789 789 919 866 Spiritus
932 789 1079 847 Sanctus:
1100 788 1155 867 qui
1163 788 1264 847 trinus
1274 793 1317 847 est

114 868 148 926 in
160 889 292 939 numero,
306 876 337 927 et
350 889 428 926 unus
441 870 474 925 in
487 871 616 927 nomine.
658 871 767 928 Amen.

154 950 214 1007 IIie
222 950 350 1025 peractis
363 957 498 1025 emerunt
517 969 563 1008 eos
581 970 662 1025 uqsue
680 950 834 1024 benedicto,
849 950 931 1009 etsie
950 948 1081 1009 discedot
1090 959 1118 1009 et
1131 949 1264 1008 dimittat
1275 966 1318 1008 eos

114 1051 149 1088 m
156 1048 238 1105 paee.

149 1260 265 1318 ORDO
287 1259 349 1316 AD
371 1258 614 1316 SERVITIUM
638 1256 991 1316 PEREGRINORUM
1011 1254 1286 1314 FACIENDUM.

174 1428 321 1504 Inprimis
344 1431 536 1502 confiteantur
554 1428 708 1501 Peroyrini
733 1427 768 1485 de
794 1428 929 1486 cornibus
949 1429 1075 1504 peccatis
1098 1428 1185 1499 cuin
1215 1428 1317 1487 deinde

113 1510 253 1567 dictentur
273 1528 360 1583 snper
373 1528 418 1566 eoo
436 1528 533 1565 coram
546 1508 647 1565 Alteri
654 1517 820 1584 prostratos
832 1508 949 1567 Peolmi
969 1517 995 1567 et
1006 1527 1106 1584 preces
1126 1516 1282 1585 sequentes,
1293 1516 1318 1567 et

107 1598 175 1664 post
189 1609 423 1663 tortumquemqne
437 1588 593 1646 I'oolmzun
606 1590 627 1645 d
630 1590 724 1646 icatur
738 1589 841 1647 Gloria
855 1590 949 1647 Patri

174 1669 319 1726 Psulmuo.
362 1670 414 1725 Ad
428 1675 467 1739 te,
482 1669 621 1738 Domine,
637 1670 736 1727 levavi
753 1670 870 1748 (meio.)

174 1749 320 1806 Poolmus.
365 1750 508 1806 Miserere
522 1750 581 1806 mei
595 1750 631 1825 (l.
635 1752 652 1825 )

174 1829 320 1887 Psclmuc.
364 1829 424 1898 Qui
436 1830 555 1886 habitat
569 1831 649 1908 (sce.)

176 1910 279 1967 Gloria
293 1910 385 1966 Patri.

175 1991 272 2066 Kyrie
286 1991 411 2067 eleyson.
456 1991 573 2048 Christe
587 1991 714 2067 eleyson.
758 1991 990 2068 Kyrieeleyson.

174 2071 386 2128 Paternoster.
430 2070 472 2127 Et
485 2091 523 2128 ne
537 2091 597 2129 nos.
641 2073 699 2130 Sed
712 2072 813 2130 libera.

153 2150 159 2161 '
176 2152 239 2228 Ego
253 2152 325 2221 dixi,
340 2152 478 2222 Domine,
492 2152 631 2210 miserere
645 2153 703 2210 mei
717 2175 723 2210 z

216 2233 294 2289 Sana
307 2233 437 2288 unimam
451 2252 556 2303 meum,
573 2234 643 2308 quin
656 2234 775 2309 peccavi
788 2234 854 2291 tibi.

174 2313 249 2369 Vias
262 2333 330 2369 suas
344 2313 493 2369 Dominus
507 2314 690 2371 demonstret
703 2315 761 2370 tibi
774 2336 780 2371 ε

216 2394 257 2450 Et
271 2395 390 2450 semitas
403 2413 470 2452 suas
484 2394 603 2451 edoceat
616 2401 654 2452 te.

175 2473 298 2531 Gressus
313 2480 380 2531 tuos
394 2474 541 2532 Dominus
556 2475 666 2551 dirigat
678 2475 841 2532 secundum
854 2475 1005 2552 eloquium
1018 2493 1107 2532 suum
1122 2496 1129 2531 ε

214 2555 255 2611 Et
268 2574 328 2611 non
343 2555 534 2612 dominentur
546 2555 604 2611 tibi
617 2575 718 2613 omnes
731 2556 895 2632 injustitiae.

174 2635 303 2693 Utinam
317 2636 485 2711 dirigantur
498 2636 555 2692 tite
568 2642 628 2692 tuce
642 2657 648 2693 :

213 2717 265 2772 Ad
279 2717 485 2774 custodiendas
499 2717 728 2792 justificationes
741 2717 873 2775 Domini.

173 2796 313 2854 Perficint
328 2798 475 2854 Dominus
489 2816 605 2872 gressus
618 2803 687 2854 tuos
700 2797 733 2854 in
746 2798 861 2855 semitis
875 2796 936 2854 suis
949 2818 956 2855 ε

216 2877 263 2933 Ut
276 2897 336 2934 nou
350 2884 527 2935 moveantur
539 2878 665 2954 vestigio
677 2884 738 2936 tua.

174 2957 353 3015 Benedictus
368 2960 515 3015 Dominus
529 2959 612 3015 Deus
625 2959 673 3015 die
687 2959 821 3034 quotidie
834 2978 1008 3036 prosperum
1021 2959 1081 3017 iter
1094 2959 1187 3019 faciut
1200 2962 1263 3020 tibi
1279 2984 1286 3020 :

215 3037 298 3094 Deus
312 3038 487 3096 salutarium
503 3045 631 3096 tuorum.

174 3117 310 3192 Angelus
324 3119 448 3176 Domini
461 3121 556 3176 bonus
570 3120 730 3177 comitetur
742 3126 841 3179 tecum
854 3141 860 3179 :

216 3197 257 3253 Et
270 3199 343 3255 bene
362 3199 499 3275 disponat
515 3201 624 3257 itinera
638 3207 692 3258 tun
709 3206 739 3258 et
753 3208 837 3259 ectus
855 3206 932 3273 tuos,
946 3207 982 3259 ut
998 3201 1112 3259 iteium
1129 3222 1201 3261 cum
1214 3204 1326 3282 gaudio

275 3281 433 3336 revertaris
447 3282 484 3337 ad
498 3281 626 3357 proprio.

175 3357 263 3415 Beati
276 3359 462 3418 immaculati
475 3363 508 3418 in
521 3362 571 3418 via
585 3382 591 3418 :

217 3439 276 3507 Qui
289 3441 443 3498 ambulant
456 3443 489 3498 in
502 3443 566 3517 lege
580 3442 712 3498 Domini.
737 3444 741 3449 ’

175 3519 261 3577 Nihil
275 3521 410 3595 proficiat
423 3523 561 3579 inimicus
573 3523 606 3578 in
619 3528 667 3580 te:

214 3601 256 3658 Et
269 3602 348 3658 filius
361 3602 531 3678 iniquitatis
544 3622 604 3660 non
619 3609 749 3678 apponet
762 3622 867 3662 nocere
879 3602 946 3661 tibi.

142 3692 145 3696 ’
174 3683 317 3757 Exsurge,
334 3683 471 3755 Domine,
486 3685 595 3759 adjuva
609 3703 682 3742 nos:

214 3764 255 3820 Et
268 3764 362 3820 libera
375 3784 428 3821 nos
442 3771 561 3840 propter
574 3783 683 3821 nomen
696 3769 791 3822 tuum.

173 3844 302 3901 Domine
316 3845 399 3901 Deus
412 3845 569 3916 virtutum,
585 3849 725 3902 converte
738 3864 792 3902 nos
803 3866 809 3903 :

214 3925 255 3981 Et
268 3925 389 3981 ostende
402 3925 507 3982 faciem
519 3931 612 3996 tuam,
628 3930 659 3981 et
673 3925 750 3982 salvi
762 3926 881 3983 erimus.

57 4052 61 4057 .
173 4004 311 4075 Domine,
325 4005 435 4063 exaudi
449 4007 614 4063 orationem
627 4025 742 4063 meam:

214 4086 255 4142 Et
269 4085 379 4142 clamor
392 4105 476 4143 meus
490 4086 528 4143 od
540 4091 571 4143 te
585 4086 694 4144 veniat

173 4166 320 4223 Dominus
334 4166 495 4224 vobiscum.

213 4246 254 4302 Et
268 4265 336 4303 cum
350 4246 458 4322 spiritu
472 4253 533 4304 tuo.

174 4326 308 4384 Oremus.

172 4406 296 4479 Adesto,
311 4407 448 4480 Domine,
464 4406 729 4484 supplicationibus
739 4406 857 4478 nostris,
869 4416 896 4466 et
909 4414 1007 4479 mma,
1023 4426 1052 4483 p.
1070 4406 1139 4467 105.
