2850 4800
487 318 662 405 Easeqaa'ae
682 317 937 404 Defunctorom.
1273 320 1316 385 63

167 509 204 567 si
223 505 416 566 ambulavero
430 483 466 560 'in
481 502 578 560 medio
595 500 806 574 tribulationis,
822 499 987 558 vivificabis
1006 518 1071 572 me;.
1088 491 1119 558 et
1139 519 1228 577 super
1240 500 1317 558 iram

106 606 301 665 inimicorum
318 621 452 660 meorum
470 598 634 658 extendisti
653 616 776 656 manum
792 603 897 670 tuam3
919 603 950 655 et
967 597 1083 654 salvum
1101 616 1147 655 me
1160 597 1231 656 fecit
1248 596 1317 655 dex-

105 708 173 763 tera
186 708 253 760 tua.

84 785 88 790 ’
169 798 322 858 Dominus
339 795 487 854 retribuet
503 812 557 871 pre
575 812 644 851 me:
666 791 804 864 Domine,
824 789 1023 848 misericordia
1040 795 1094 847 tua
1107 790 1141 847 in
1158 791 1316 849 saeculum:

107 915 201 974 opera
212 912 359 952 manuum
371 897 494 948 tuarum
507 909 546 947 ne
559 888 709 965 despicias.

170 1027 354 1104 Antiphone.
400 1068 406 1083 2

139 1184 256 1218 ,ἱ-Ι-
281 1176 829 1215 Ιτ--ι-Ι
854 1176 961 1211 -
985 1176 1199 1210 ²--
1224 1177 1315 1248 F==

181 1293 333 1369 Ope-ra
360 1309 540 1348 ma-nu-um
560 1295 597 1346 tu
609 1323 620 1332 -
632 1308 744 1360 a-rum,
765 1287 931 1360 Domi-ne,
953 1307 991 1345 ne
1022 1287 1059 1346 de
1072 1322 1083 1331 ·
1096 1287 1143 1365 spi
1156 1322 1166 1330 -
1179 1286 1207 1345 oi
1219 1321 1230 1330 ·
1243 1306 1283 1345 as.

115 1421 147 1483 V.
172 1421 205 1480 A
219 1418 426 1497 porta-inferi:

102 1579 108 1588 ,
173 1518 264 1593 Erue,
275 1516 414 1589 Domine,
429 1514 543 1573 animas
557 1534 667 1573 eorum.

173 1659 354 1736 Antiphone.

209 1924 331 1981 [lu-am
366 1923 486 1980 De-us.
772 1891 1322 2043 Q

174 2054 323 2113 Petimus.
863 2052 1256 2113 E-V-O-V-A-lt.
1338 2089 1339 2092 =

175 2151 354 2227 Magnificat
367 2149 467 2208 anima
480 2167 546 2206 mea
560 2146 743 2206 Dominum:
765 2153 796 2205 et
809 2148 959 2205 exultavit
980 2149 1102 2224 spiritus
1115 2170 1197 2208 meus
1209 2150 1243 2208 in
1257 2151 1322 2209 Deo

113 2250 241 2310 salutem
254 2267 328 2306 meo.

175 2347 256 2416 Quia
275 2345 408 2421 respexit
430 2343 632 2401 humilitatem
653 2343 767 2401 ancillae
789 2362 870 2414 suae3
890 2360 956 2398 ecce
977 2341 1057 2398 enim
1078 2361 1116 2398 ex
1135 2342 1191 2400 hoo
1204 2343 1322 2401 beatum

94 2486 97 2491 ·
113 2464 162 2503 me
177 2444 280 2501 dicent
294 2461 395 2498 omnes
408 2439 620 2518 generationes.
1046 2438 1048 2441 ’

178 2541 258 2610 Quia
271 2539 341 2595 fecit
354 2538 430 2593 mihi
444 2557 550 2613 magna
565 2536 617 2612 qui
630 2543 734 2612 potens
748 2543 809 2594 est:
832 2541 862 2594 et
879 2543 1013 2594 sanctum
1028 2556 1134 2593 nomen
1148 2537 1219 2612 ejus.

178 2639 220 2694 Et
234 2635 434 2692 misericordia
448 2635 511 2708 ejus
526 2653 543 2689 a
557 2634 695 2710 progenie
709 2635 741 2690 in
755 2636 907 2710 progenies
921 2635 1097 2691 timentibus
1111 2655 1186 2691 eum.

178 2734 263 2790 Fecit
277 2733 440 2807 potentiam
455 2732 487 2786 in
505 2731 626 2787 brachio
641 2750 708 2787 suo:
732 2731 870 2805 dispersit
889 2733 1028 2807 superbos
1042 2738 1141 2788 mente
1158 2732 1254 2790 cordis
1267 2733 1320 2791 sui.

178 2830 325 2904 Deposuit
339 2836 475 2904 potentes
489 2829 526 2885 de
540 2829 616 2899 sede,
632 2834 662 2885 et
676 2828 823 2884 exaltavit
837 2829 971 2884 humiles,

179 2927 352 2983 Esurientes
367 2925 503 3001 implevit
519 2925 604 2981 bonis
618 2946 624 2981 ε
645 2930 675 2980 et
689 2925 797 2981 divites
811 2925 924 2981 dimisit
935 2926 1044 2983 inanes

181 3023 316 3098 Suscepit
331 3024 424 3079 lsrael
438 3043 563 3099 puerum
578 3041 673 3092 suum,
688 3021 857 3076 recordatus
871 3021 1078 3078 misericordiae
1093 3042 1159 3078 suae.

179 3120 264 3177 Sicut
275 3121 392 3177 locutus
403 3127 448 3176 est
460 3121 497 3176 ad
506 3126 606 3195 patres
620 3124 745 3190 nostros7
759 3118 922 3189 Abraham,
942 3124 971 3174 et
982 3119 1087 3175 semini
1096 3121 1159 3194 ejus
1168 3122 1200 3176 in
1210 3121 1323 3180 saccula.

159 3215 327 3292 *Requiem
342 3223 490 3273 aeternam.

182 3357 360 3431 Antiphonti.

118 3465 1328 3612 Q

203 3626 333 3699 Tu-am,
374 3625 489 3696 De-us,
544 3624 856 3700 de-pos-oi-mus
904 3627 1199 3701 pi-e-ta-tem,
1237 3638 1273 3688 ut

199 3952 289 4007 c-is
341 3952 589 4006 tri-bu-e-re
658 3949 883 4025 dig-ne-ris
948 3952 979 4007 lu
1014 3986 1024 3994 —
1058 3986 1068 3995 -
1099 3952 1208 4008 ci-das
1254 3960 1284 4010 et

123 4116 830 4261 ff

170 4276 384 4352 qui-e-tas
424 4276 626 4333 man-si·o
654 4309 664 4317 -
693 4294 783 4331 -ues,

500 4426 513 4452 ¹
530 4425 582 4473 Om.
594 4424 664 4471 York
674 4425 722 4470 and
733 4424 877 4482 Cambridge
888 4425 960 4471 MSS.
981 4373 1004 4409 ι
