2850 4800
488 285 513 348 I
510 307 537 350 u
550 284 768 350 Dadioatioua
782 285 939 351 Ecclesia.

481 516 520 574 Iu
542 517 757 575 Dunrcurrour
778 516 944 574 Eccuusrn.

171 637 220 694 Ad
234 637 451 695 Proceaaionam.
494 636 517 693 I
516 659 536 694 a
549 637 628 695 avita
643 636 734 695 Obori
749 638 984 713 Resporaorium.

172 733 310 789 Fundata
330 741 374 790 est
389 734 492 790 domus
507 733 631 790 Domini
650 754 739 810 super
752 735 894 791 verticem
912 733 1063 792 montium
1077 740 1110 793 et
1131 737 1260 796 exaltata
1270 745 1311 797 cst

112 851 199 908 super
212 852 313 890 omncs
334 832 429 904 colica,
446 838 476 888 et
489 832 611 889 venient
631 832 669 889 ad
683 851 748 889 eam
763 851 863 889 omnes
876 837 997 909 gentes,
1034 832 1076 891 Et
1093 833 1204 908 (licent,
1219 835 1309 893 Gloria

111 930 177 1001 tibi,
192 930 327 986 Domine.

117 1027 147 1086 V.
170 1027 335 1085 Venientes
348 1034 448 1084 autem
462 1027 584 1084 venient
598 1047 666 1084 cum
679 1027 877 1085 exsultatione
891 1033 1045 1104 portantes
1059 1029 1228 1108 manipulos
1239 1050 1321 1101 suos„

113 1123 154 1179 Et
167 1124 274 1180 dicent.

174 1219 276 1276 Gloria
290 1219 375 1276 Patri
389 1224 419 1277 ct
433 1219 511 1275 Filio
526 1224 557 1276 et
571 1218 699 1295 Spiritui
713 1219 830 1277 Sancto.
874 1219 917 1277 Et
930 1219 1039 1282 dicent.

173 1314 320 1389 Sequatur
333 1313 455 1372 Prusa*

280 1412 309 1470 V.
334 1412 429 1483 Salve,
443 1411 519 1468 festa
532 1411 593 1468 dies
607 1417 672 1468 toto
685 1412 865 1470 venerabilis
879 1433 950 1488 seve,

369 1509 436 1576 Qua
449 1527 555 1584 sponso
568 1527 675 1584 sponsa
683 1510 823 1585 jungitur
836 1510 964 1568 ecclesia.

731 1604 853 1664 Olacrau
897 1606 991 1664 Salve.

280 1725 308 1784 V.
332 1724 406 1781 Haec
420 1730 464 1780 est
478 1725 547 1780 aula
560 1725 626 1796 Dei,
641 1725 720 1801 pacis
733 1726 814 1783 locus
828 1732 858 1783 et
872 1727 993 1802 requiei,

368 1819 451 1876 Hinc
464 1825 495 1876 et
509 1825 581 1878 eunt
595 1820 697 1895 inopes
710 1819 748 1877 ad
763 1820 927 1878 Salomonis
941 1840 1017 1896 opes.

733 1914 852 1973 Chorus.
898 1915 992 1974 Salve.

280 2034 308 2091 V.
332 2034 427 2090 Filius
441 2034 492 2091 ille
506 2034 614 2105 David,
629 2035 682 2109 qui
695 2054 749 2092 nos
763 2035 821 2092 sibi
834 2037 1021 2108 consociavit,
1073 2119 1074 2123 ἵ

369 2131 437 2186 Hac
450 2131 483 2186 in
497 2136 591 2187 matre
605 2131 692 2187 domo
706 2137 737 2188 et
751 2131 833 2188 Deus
847 2138 893 2189 est
906 2139 937 2190 et
949 2133 1046 2192 homo.

735 2227 853 2317 Chorus.
897 2228 992 2288 Salve.

282 2358 311 2416 V.
335 2357 447 2433 Copula
461 2357 583 2415 caelestis
597 2378 648 2416 vos
667 2358 862 2434 spiritualiter
876 2358 953 2432 estis,

370 2454 403 2510 Si
416 2454 560 2510 servando
574 2454 663 2511 fidem
679 2474 740 2512 esse
753 2454 854 2512 velitis
867 2455 953 2512 idem.

733 2549 854 2609 Chorus.
898 2550 993 2608 Salve.

281 2673 309 2731 V.
333 2673 416 2730 Urbs
429 2691 507 2729 nova
520 2672 709 2729 Hierusalem
723 2671 900 2729 descendens
913 2673 1098 2749 spiritualem

321 2832 324 2841 ¹
369 2769 486 2825 Attulit
500 2775 638 2826 ornatum
651 2768 724 2826 lucis
738 2770 775 2826 ab
789 2789 855 2826 arce
868 2771 979 2828 datum.

734 2864 855 2924 Chorus.
898 2865 992 2923 Salve.

281 2992 312 3050 V.
334 2991 416 3048 Hinc
430 2990 498 3047 fidei
511 2990 642 3048 fructum
656 3009 737 3047 sacro
751 2991 928 3066 baptismate
942 2991 1073 3062 ductuum,

370 3089 433 3145 Dat
446 3107 499 3145 rex
507 3088 635 3162 justitiae
649 3087 763 3145 caelitus
777 3087 924 3145 Ecclesiae.

731 3182 852 3241 Olaoraa
897 3183 992 3267 Salve.

282 3304 312 3364 V.
335 3305 436 3361 Firma
450 3304 550 3360 David
564 3303 662 3376 turris,
679 3304 736 3360 huo
751 3304 776 3360 si
790 3303 863 3379 pede
878 3309 997 3380 perpete
1010 3303 1105 3360 curris

368 3401 507 3457 Invenies
521 3401 553 3456 in
567 3419 601 3458 ea
614 3401 738 3476 pignora
752 3399 872 3458 siderea.

732 3495 851 3554 Chorus.
896 3495 991 3553 Salve.

280 3618 309 3676 V.
332 3618 407 3675 Haec
421 3622 465 3674 est
479 3636 547 3674 arca
560 3617 619 3674 Dei
633 3617 821 3674 credentibus
835 3615 1019 3687 auxiliatrix,

369 3715 442 3782 Quae
456 3713 539 3770 vehit
553 3713 591 3769 ad
604 3718 724 3789 portum
738 3732 811 3789 quos
824 3712 908 3770 vehit
921 3711 1001 3769 unda
1014 3707 1133 3770 maris.†

735 3809 856 3869 Chorus.
899 3808 993 3866 Salve.

172 3971 188 4002 a
202 3971 251 4028 Sir
273 3971 357 4028 John
379 3969 527 4027 Lawson's
548 3969 676 4028 Ms.-“
689 3969 773 4026 Tunc
795 3971 855 4026 duo
883 3967 1049 4045 Prcabytera‘
1067 3968 1102 4026 ira
1123 3968 1219 4028 medic
1246 3969 1319 4028 Pro·

113 4050 245 4108 cassionis
258 4059 373 4107 cautem
383 4049 584 4125 Antiphonem
594 4074 604 4108 .·
625 4049 721 4122 Salve,
735 4049 812 4107 festa
828 4047 916 4106 dies.’'

171 4155 189 4213 †
204 4155 252 4211 Sir
265 4155 348 4212 John
363 4153 512 4211 Lawson's
526 4153 593 4213 Μ8.
610 4153 724 4211 adds—

276 4254 295 4283 “
306 4251 382 4306 Haeo
395 4255 440 4306 est
453 4249 530 4307 scala
543 4251 649 4322 Jacob,
664 4270 717 4326 per
730 4271 820 4327 quam
835 4249 1027 4308 conscendere
1041 4247 1134 4307 sclam

311 4328 450 4386 (laedenti
463 4330 571 4404 populo
586 4331 637 4387 dat
653 4332 731 4387 bona
744 4332 809 4387 vita
822 4329 950 4406 polum.''
