2866 4846
179 335 259 396 152·
612 330 756 398 Ordines
770 331 951 417 Baptismi.

175 498 318 573 respicere
342 497 463 573 dignare
486 515 575 572 super
597 497 677 555 hunc
703 496 850 554 famulum
873 502 961 554 tuum
972 516 984 569 3
1009 496 1076 555 Hie
1095 498 1253 574 primum
1272 499 1395 576 inquiret

174 577 314 635 Sacerdos
331 597 435 635 nausea
449 577 584 651 iafaatis.
620 576 824 652 Respondeant
832 577 952 653 patriai
965 577 1005 635 N.
1017 600 1028 637 .·
1052 578 1162 648 Quem
1177 579 1221 638 ad
1235 579 1394 639 rudimenta

175 657 253 727 fidei,
268 667 294 714 et
308 666 398 715 cetera
411 666 558 732 utsupra,
573 675 601 732 p.
618 657 644 715 5.

236 737 342 794 Preces
356 743 479 808 nostras,
495 746 521 794 et
535 745 626 794 catera
639 745 674 793 at
688 757 789 812 supra,
805 755 833 813 p.
850 737 879 794 6.

237 816 320 874 Deus
334 818 386 892 qui
399 817 530 886 humani,
546 825 571 874 et
585 826 675 874 cetera
688 825 829 892 utsupra
838 817 908 875 ibid.

173 895 424 1035 WExaraismas
450 897 544 954 salis:
573 897 716 954 Exoreizo
743 903 783 968 te,
806 903 941 954 ereatura
960 897 1040 971 salis,
1064 907 1094 957 et
1115 907 1221 960 cetera
1248 909 1287 960 ut
1313 920 1392 978 supro

233 1021 328 1133 Sapor
341 1055 505 1115 remcalam
518 1064 634 1115 matam
648 1057 710 1115 siae
724 1055 857 1115 Oremus.

236 1138 326 1208 Deus,
341 1137 508 1195 immortale
521 1137 700 1213 praesidium,
714 1144 739 1195 et
753 1146 845 1195 cetera
857 1145 892 1195 at
904 1157 1005 1214 aspra,
1020 1155 1050 1214 p.
1069 1137 1096 1197 7.

233 1215 329 1292 Super
341 1216 504 1274 saeculam
518 1226 635 1275 tartum
647 1217 710 1275 siae
724 1217 857 1276 Oremus.

235 1297 321 1354 Audi
333 1297 488 1354 maledicte
502 1297 621 1371 Satana,
635 1305 661 1356 et
675 1306 765 1355 catera
778 1307 813 1354 at
825 1317 917 1373 aspra
929 1296 999 1356 ibid.

233 1377 423 1434 Exercismas
436 1397 523 1452 saper
535 1378 700 1435 resecatam
712 1386 829 1435 tautam
842 1379 905 1435 siae
918 1377 1055 1435 Oremus.

235 1456 377 1514 Exoraizo
391 1463 428 1528 te,
445 1457 596 1514 immunde
611 1458 742 1534 spiritur,
758 1466 784 1515 et
797 1467 889 1515 cetera
902 1466 1053 1532 utsupra,
1068 1477 1099 1535 p.
1116 1459 1148 1518 8.

234 1536 305 1593 Hae
325 1537 425 1595 Oratio
439 1557 559 1611 sequens
571 1538 689 1595 dicatur
698 1538 936 1613 superseminare
950 1546 1077 1607 amans,
1093 1539 1140 1597 sie
1155 1539 1276 1600 dietate
1285 1539 1386 1622 [Sacer-

175 1613 250 1694 dote]
268 1637 274 1672 :
296 1616 378 1674 Deus
393 1617 464 1688 eaeli,
480 1626 507 1674 et
521 1626 612 1675 cetera
626 1627 660 1674 at
673 1637 765 1692 supra
778 1617 848 1675 ibid.

232 1696 303 1753 Alia
328 1697 430 1754 Oratio
453 1717 541 1773 super
554 1697 705 1771 ferrariam
728 1706 864 1757 tastum:
893 1697 977 1755 Deus
999 1697 1175 1772 Abraham,
1199 1709 1230 1760 et
1248 1709 1339 1762 celera
1356 1710 1384 1760 ut

171 1790 262 1851 supra
276 1776 345 1835 ibid.
1175 1831 1177 1835 ,

232 1857 420 1915 anrcismus
433 1855 674 1932 saperfimiaam
689 1865 806 1915 tantam
819 1857 881 1915 siae
895 1856 1030 1916 Oremua

231 1937 374 1994 Exoraizo
389 1944 428 2007 te,
443 1938 595 1994 immunde
609 1937 741 2014 spiritus,
756 1947 782 1995 et
795 1946 887 1996 cetera
899 1947 1049 2013 utsupra,
1064 1956 1095 2014 p.
1112 1936 1144 1998 9.

231 2016 319 2092 Erg0‚
335 2017 490 2074 maledicte
505 2017 623 2089 Seiana,
639 2027 666 2076 et
679 2028 770 2076 cetera
784 2027 931 2092 utsupra,
946 2037 974 2093 p.
991 2018 1020 2075 8.

229 2095 278 2154 an
298 2097 366 2155 hiae
386 2117 450 2155 roro
470 2098 609 2155 dicantar
634 2105 695 2155 tam
718 2118 805 2174 saper
827 2098 990 2156 resecatam
1011 2116 1105 2173 quam
1128 2119 1225 2177 saper
1239 2101 1383 2177 feminam

169 2177 313 2234 orationes
326 2186 470 2251 sequentes
483 2178 545 2235 sirie
560 2177 693 2238 Oremus.

230 2257 289 2315 Hie
304 2256 405 2329 saciat
425 2256 564 2315 Sacerdos
588 2278 700 2316 cracem
720 2258 754 2314 ia
765 2257 868 2332 fronte
888 2257 1017 2330 infantie
1037 2266 1138 2318 teneas
1160 2280 1294 2321 martam
1306 2282 1384 2340 super

168 2347 256 2410 caput
270 2337 331 2410 ejas
345 2339 442 2394 diceas
457 2358 466 2394 :
487 2338 646 2395 AEternsm
660 2358 693 2395 ao
703 2338 910 2414 justissimam,
926 2346 952 2396 et
966 2346 1057 2396 cetera
1071 2348 1232 2417 utsupra,
1249 2362 1280 2421 p.
1298 2344 1325 2402 9.

229 2418 301 2474 Alia
316 2418 417 2475 Oratio
431 2418 493 2474 siae
507 2417 640 2476 Oremua

228 2497 261 2554 N
262 2517 293 2554 ec
307 2504 337 2554 te
351 2498 433 2569 latet,
450 2507 476 2554 at
490 2506 579 2556 cetera
593 2507 733 2573 utsupra
747 2497 817 2555 ibid.

226 2576 422 2651 Evaapdiam
435 2577 530 2634 sancti
543 2578 698 2637 Mattdai:
719 2578 758 2635 In
779 2578 831 2635 illo
852 2584 994 2654 tempore,
1006 2578 1112 2637 Oblati
1133 2586 1214 2640 sunt
1233 2583 1259 2642 J
1259 2603 1314 2642 esu
1327 2604 1386 2662 par·

167 2658 239 2730 ruli,
255 2667 281 2716 et
295 2667 385 2715 cetera
399 2665 433 2714 at
446 2678 539 2733 supra
552 2657 623 2717 ibid.

226 2751 341 2810 Deinde
361 2759 448 2826 spaat
461 2750 601 2808 Sacerdos
613 2749 648 2808 ia
660 2770 755 2808 amaa
774 2770 831 2809 saa
851 2751 975 2823 dextera,
990 2758 1017 2809 et
1031 2758 1138 2828 iaaqat
1152 2773 1248 2815 aures
1262 2757 1388 2834 infantis

168 2853 234 2891 cam
241 2832 346 2907 polliae
360 2833 458 2888 deatro
472 2831 506 2888 de
520 2840 613 2907 spato,
629 2839 655 2889 et
668 2832 769 2890 dicat:
916 2884 920 2890 .

226 2914 277 2969 Ad
291 2932 384 2968 dares.
428 2911 534 2982 Euesa,
549 2911 627 2987 quod
641 2917 694 2982 est,
710 2911 868 2987 adaperire.

226 2993 276 3049 Ad
289 3011 382 3048 sares.
427 2991 466 3048 In
480 2990 599 3048 odorem
612 2991 777 3049 suavitatis,

168 3152 175 3164 ·
221 3073 275 3165 ,And
288 3092 389 3206 (sugere
403 3071 556 3130 dexteram.
599 3072 645 3129 Tu
658 3076 760 3129 autem
772 3071 909 3148 effugere,
921 3069 1046 3143 diabole,
1061 3072 1296 3152 appropinquat
1309 3080 1387 3137 enim

163 3151 329 3288 JUdli'iilsiia
343 3171 424 3287 dias
443 3230 584 3289 Sacerdos
604 3231 799 3306 compatribus
812 3239 847 3289 at
860 3230 919 3307 ipsi
932 3231 1032 3289 dicuat
1046 3229 1140 3288 Pater
1153 3240 1265 3293 noster
1277 3247 1307 3297 et
1320 3240 1385 3297 Ave

165 3310 369 3527 Zodiidlua·
389 3397 415 3447 et
434 3389 494 3465 ipse
515 3389 653 3449 Sacerdos
674 3390 753 3450 dicat
776 3391 888 3452 cancris
906 3389 1094 3451 aaaaadaa
1116 3389 1215 3453 Pater
1236 3405 1345 3459 noster
1361 3407 1385 3458 d

198 3480 275 3608 veEep
288 3470 446 3608 diiddictis
467 3551 547 3609 dicat
571 3571 658 3628 saper
679 3549 844 3626 iasaatera:
873 3551 912 3609 In
934 3551 1054 3610 nomine
1075 3549 1181 3611 Patris
1206 3560 1240 3614 et
1261 3557 1337 3617 Filii
1354 3566 1383 3617 et

166 3631 295 3708 Spiritus
309 3630 418 3688 Sancti

224 3712 265 3770 a
278 3712 319 3770 sia
333 3711 503 3770 introducat
516 3711 664 3786 infantem
677 3711 711 3769 ia
725 3709 894 3770 Ecclesiam.

597 3946 789 4005 Burunrauo
810 3945 933 4006 Ferme.

220 4100 333 4159 Deinde
341 4101 480 4175 procedat
490 4099 629 4160 Sacerdos
642 4101 684 4157 ad
688 4100 806 4174 fontem
820 4100 1052 4174 benedicendam,
1065 4106 1091 4160 et
1104 4102 1147 4160 ad
1160 4105 1307 4168 aeonem
1316 4129 1375 4169 ooa-

159 4198 258 4239 rersus
271 4182 350 4239 dieat
359 4203 369 4238 :
1225 4208 1229 4213 ·

221 4261 369 4318 Dominus
383 4262 542 4318 vobiscum.
967 4301 969 4304 -

220 4340 414 4417 Omnipotens
429 4341 606 4416 sempiterne
621 4341 711 4412 Deua,
727 4339 838 4412 adesto,
854 4349 880 4398 et
893 4349 984 4400 cetera
997 4348 1031 4398 ar
1044 4361 1147 4418 supra,
1162 4363 1193 4423 p.
1213 4346 1261 4410 14.

164 4456 166 4462 ·
224 4419 299 4478 V.D,
316 4426 424 4477 aeterne
439 4421 528 4480 Deus.
572 4421 633 4492 Qui
645 4420 792 4478 invisibili
805 4441 896 4496 usqae
910 4422 951 4479 ad
966 4420 1095 4498 Spiritus
1109 4422 1225 4487 Sancti
