2850 4800
150 310 192 370 84
398 265 400 269 .
439 369 441 373 ,
525 302 699 388 Esseqciae
720 301 975 389 Defunctoruat.

211 487 344 566 Benigne
363 487 418 560 fao,
434 485 571 557 Domine,
592 485 625 542 111
646 485 724 543 bona
744 484 899 544 voluntate
918 491 980 558 tus,
1004 483 1094 544 Sion:
1114 489 1151 543 ut
1170 482 1357 543 aedificentur

149 587 228 645 muri
242 586 416 645 Jerusalem.

209 684 293 741 Tunc
314 681 479 759 acceptabis
499 679 675 738 sacrificium
692 666 834 756 justitiae,
843 680 1006 739 oblationes
1024 684 1055 738 61
1068 678 1259 738 holocausta:
1280 685 1356 737 tunc

148 783 303 858 imponent
317 798 406 855 super
418 777 512 835 altare
525 782 612 834 tuum
626 777 744 834 vitulos.

210 876 359 953 Requiem
373 880 521 932 aeternam.

210 1030 391 1107 datiprboao.

148 1123 1261 1272 Q

222 1304 501 1361 Ex-ul-ta-bunt
526 1302 711 1360 Domi-no
745 1320 848 1358 os-sa
881 1300 1054 1386 hu·mi·li
1075 1334 1086 1344 ·
1107 1306 1195 1358 a·ta.

210 1458 389 1535 Antiphone.

212 1727 400 1799 Ex-au-di,
427 1726 616 1785 Domi-ne.
817 1694 1358 1849 Q
1412 1760 1416 1765 .

899 1831 1293 1937 n-v-o-vssn-u.

211 1937 351 1995 Paulinus
364 1936 471 2014 (lucio.)

212 2033 253 2090 Te
267 2034 351 2091 dccet
371 2034 508 2110 hymnus,
525 2030 616 2103 Deus,
638 2031 671 2087 in
689 2030 763 2088 Sion
772 2050 781 2102 3
806 2035 837 2087 et
854 2029 912 2086 tibi
933 2029 1198 2088 reddetur-votum
1218 2030 1358 2089 11116111-

151 2129 251 2187 salem.

213 2226 334 2283 Exaudi
349 2226 514 2283 orationem
528 2242 643 2295 meam3
665 2222 703 2279 ad
716 2227 747 2279 te
762 2221 857 2278 omnis
871 2240 938 2278 caro
952 2222 1061 2280 veniet.

213 2324 316 2380 Verba
336 2323 509 2399 iniquorum
531 2318 752 2398 praevaluerunt
775 2315 954 2394 supernos,
975 2324 1006 2375 et
1023 2317 1228 2394 impietatibus
1247 2319 1357 2377 nostris

153 2427 188 2478 tu
202 2420 417 2497 propitiaberis.

213 2518 334 2590 Beatus,
352 2536 439 2592 quem
453 2515 577 2593 elegisti,
593 2519 624 2572 et
636 2512 839 2589 assumpsisti:
860 2510 1043 2571 inhabitabit
1056 2511 1088 2568 in
1102 2511 1187 2569 atriis
1200 2511 1270 2570 tuis

215 2613 410 2688 Replebimur
436 2613 469 2669 in
496 2611 582 2668 bonis
609 2610 713 2668 domus
741 2615 819 2680 tuae3
853 2613 987 2666 sanctum
1015 2613 1060 2665 est
1087 2607 1233 2683 templum
1260 2614 1355 2679 tuum,

154 2708 289 2764 mirabile
303 2709 335 2763 in
349 2707 497 2782 aequitate.

215 2804 334 2860 Exaudi
348 2822 410 2873 nos,
427 2803 517 2874 Deus,
533 2801 671 2859 salutaris
684 2808 786 2859 noster
794 2823 802 2875 3
824 2821 889 2878 spes
903 2803 1037 2860 omnium
1049 2801 1156 2860 finium
1169 2807 1267 2876 terrae,
1281 2802 1356 2860 611111

154 2899 231 2956 mari
244 2899 337 2975 longe.

215 2995 389 3070 Praeparans
409 3000 524 3051 montes
537 2994 570 3049 111
583 2994 696 3051 viltute
716 3000 778 3067 tua,
793 2995 941 3052 accinctus
960 2995 1112 3071 potentia:
1133 2995 1186 3073 qui
1199 2997 1357 3054 conturbas

155 3091 336 3167 profundum
350 3091 448 3162 maris,
462 3109 567 3147 sonum
581 3089 726 3147 fluctuum
740 3091 811 3166 ejus.
1278 3088 1281 3093 ’

217 3187 430 3245 Turbabuntur
443 3194 555 3264 gentes,
568 3192 598 3244 61
608 3187 759 3245 timebunt
769 3187 822 3263 qui
835 3188 972 3246 habitant
985 3189 1129 3247 terminos
1141 3209 1160 3247 a
1173 3188 1266 3266 signis
1279 3188 1340 3247 tuis
1351 3209 1357 3247 :

156 3284 255 3342 exitus
269 3284 420 3355 matutini,
435 3291 465 3342 61
478 3303 599 3361 vespere
613 3284 779 3342 delectabis

215 3381 356 3438 Visitasti
369 3387 488 3452 terram,
504 3387 534 3437 et
547 3381 702 3438 inebriasti
715 3401 797 3439 eam:
818 3382 1025 3458 multiplicasti
1038 3381 1218 3460 locupletare
1232 3402 1305 3442 eam.

216 3478 342 3535 Flumen
357 3478 416 3535 Dei
429 3478 575 3554 repletum
596 3484 642 3536 est
661 3479 754 3555 aquis,
769 3480 882 3554 parasti
898 3480 996 3537 cibum
1016 3479 1145 3553 illorum,
1160 3480 1302 3556 quoniam
1315 3480 1358 3537 ite

154 3580 199 3631 est
212 3575 388 3651 praeparatio
402 3574 473 3650 ejus.

214 3672 308 3729 Rivos
334 3672 398 3748 ejus
424 3670 548 3741 inebria,
576 3671 743 3748 multiplica
769 3672 920 3748 genimina
947 3675 1018 3750 ejus,
1046 3674 1080 3732 in
1106 3673 1268 3733 stillicidiis
1295 3675 1358 3750 ejus

154 3770 305 3828 laetabitur
318 3769 493 3846 germinans.

214 3868 374 3926 Benedices
396 3885 508 3924 coronae
530 3866 603 3922 anni
624 3866 817 3943 benignitatis
836 3872 895 3925 tuse
905 3886 914 3939 ;
939 3871 969 3925 et
983 3866 1079 3942 campi
1098 3866 1145 3923 tui
1163 3866 1359 3943 replebuntur

153 3965 297 4023 ubertate.

212 4061 412 4140 Pinguescent
425 4059 554 4135 speciosa
567 4058 685 4131 deserti,
701 4065 732 4118 61
745 4059 930 4118 exultatione
944 4061 1032 4119 oolles
1045 4061 1244 4140 accingentur.

213 4160 321 4216 Induti
344 4163 414 4215 sunt
436 4157 543 4214 arietes
564 4157 674 4231 ovium,
691 4164 722 4216 61
735 4157 827 4216 valles
845 4159 1040 4218 abundabunt
1060 4159 1229 4222 frumento:
1252 4161 1358 4219 clama·

155 4254 238 4326 bunt,
255 4255 364 4312 etenim
377 4255 522 4329 hymnum
536 4253 642 4310 dicent.

213 4350 360 4426 Requiem
375 4356 522 4407 aeternam.
