2850 4800
159 336 201 399 22
589 331 694 420 Ritus
716 331 936 418 Bapticandi.

157 514 256 574 debent
274 514 363 591 recipi
381 515 415 574 in
429 515 566 592 patrinos
582 535 634 574 nec
653 514 852 574 adorittantur
864 515 925 574 nisi
942 515 995 592 qui
1013 516 1111 575 sciunt
1123 517 1279 594 prodicta,
1294 517 1368 593 quia

153 613 272 689 patrini
290 613 389 671 debent
406 613 550 672 instruere
562 601 645 687 filios
663 633 730 672 suos
749 612 920 689 spirituales
936 613 972 671 in
984 614 1058 689 fide,
1073 615 1152 690 quod
1171 634 1233 674 non
1248 622 1368 691 possent

132 771 135 776 ,
149 711 258 788 fucere,
274 711 335 769 nisi
348 711 463 787 ipsimet
476 711 580 787 infide
588 711 680 787 prius
692 711 915 772 instruerentur.

219 805 254 865 Si
268 807 464 883 baptizandus
480 827 541 866 non
554 807 664 883 poterit
683 807 771 890 loqui,
787 807 832 866 uel
849 808 921 884 quia
933 807 1090 884 paruulus,
1106 809 1151 868 ael
1167 810 1241 886 quia
1254 819 1366 884 mutus,

158 903 203 964 oel
214 905 287 980 quia
300 914 423 981 reprobus
437 913 490 963 aut
508 905 629 964 aliursde
642 905 792 981 impotens,
809 913 878 964 tunc
891 905 992 965 debent
1003 906 1124 983 patrini
1131 927 1190 983 pro
1208 926 1239 966 ιι
1253 925 1369 985 respon-

159 1003 224 1061 dere
240 1004 281 1060 ad
295 1023 391 1062 ontnes
402 1003 642 1079 interroputiones
656 1003 692 1061 in
705 1003 855 1080 baptismo.
897 1003 933 1063 St
946 1013 1045 1063 autem
1066 1004 1147 1080 loqui
1161 1005 1281 1082 poterit,
1298 1014 1369 1063 tnnc

153 1121 211 1180 pra
225 1101 316 1177 seipso
331 1103 501 1178 respondeat
515 1103 555 1160 ad
575 1101 709 1178 mapulas
725 1102 973 1178 interropntioncs,
988 1103 1050 1162 nisi
1068 1103 1110 1161 ad
1125 1103 1369 1180 interropationes

151 1197 208 1266 ¹sui
221 1198 350 1256 nominis
363 1207 500 1270 tantum;
521 1199 562 1257 ad
575 1218 650 1274 quas
663 1218 772 1275 semper
780 1199 900 1276 patrini
912 1200 962 1259 sui
974 1200 1168 1276 remmsdeunt
1175 1221 1234 1278 pro
1249 1221 1287 1260 co.

222 1295 281 1366 Qui
300 1298 464 1373 suscipiunt
486 1317 595 1374 pueros
615 1297 649 1355 de
669 1316 751 1356 sacro
769 1297 857 1372 fonto
876 1317 936 1357 non
963 1299 1063 1358 debent
1084 1318 1129 1358 eos
1150 1307 1242 1359 tenere
1270 1318 1368 1358 mrum

159 1393 302 1501 Episcopo
311 1394 346 1451 in
356 1396 579 1469 confirmatione,
589 1394 650 1453 nisi
661 1402 771 1470 copente
779 1395 950 1454 necessitate.
994 1395 1064 1455 Non
1071 1395 1175 1472 plnres
1185 1416 1277 1473 quam
1287 1416 1369 1456 unus

158 1489 205 1547 ιιι
225 1498 251 1549 ιι
271 1510 335 1547 una
355 1490 461 1549 mulier
481 1491 580 1550 debent
600 1491 728 1550 accedere
750 1491 791 1548 acl
810 1490 1029 1567 suscipiendam
1044 1491 1209 1568 paruulum
1230 1491 1265 1552 de
1284 1512 1367 1551 sucro

149 1586 244 1662 sonte
305 1587 443 1666 Undepl
432 1589 509 1648 lures
535 1591 576 1648 ad
602 1591 654 1648 boc
680 1588 772 1648 simul
797 1590 959 1648 accedentes
979 1599 1102 1667 peccunt
1120 1590 1265 1666 faciendo
1285 1599 1368 1650 extra

153 1685 380 1762 prohibitionem
394 1688 524 1760 canonis,
534 1688 595 1746 nisi
605 1709 624 1745 a
626 1688 668 1746 ιι
672 1686 772 1763 suerit
786 1689 962 1747 consuetudo
975 1689 1117 1766 approbat
1118 1709 1152 1749 a:
1174 1698 1273 1748 tamen
1286 1687 1368 1747 ultra

160 1790 216 1840 tres
230 1782 271 1840 ad
284 1783 448 1841 ntauimum
462 1784 566 1853 adboc
579 1783 749 1842 nullatcnus
762 1783 953 1860 recipiantur.

220 1877 364 1938 Monendi
377 1888 446 1938 sunt
464 1880 552 1938 etiam
571 1880 641 1938 laici
654 1880 733 1956 quod
745 1880 870 1956 parsuli
888 1881 937 1940 sui
954 1881 1120 1957 confirmati
1134 1881 1226 1941 ¹tertia
1246 1881 1294 1941 die
1303 1891 1369 1958 post

160 1975 408 2050 confirmationem
429 1976 614 2052 deportentur
637 1977 680 2035 col
700 1975 868 2049 Ecclesiam,
895 1985 921 2036 ιι
931 1976 1049 2052 frontes
1069 1997 1170 2036 eorum
1184 1997 1242 2053 per
1261 1998 1370 2037 ιιιιιιιιιι

159 2069 324 2129 Sacerdotis
342 2081 464 2149 propter
491 2071 656 2130 cirismatis
682 2072 871 2131 reuerentiam
897 2073 932 2131 in
960 2072 1128 2149 baptisterio
1147 2072 1322 2146 abluantur,
1343 2082 1370 2132 et

161 2167 296 2243 lipnturoe
309 2188 409 2226 eorum
424 2177 493 2226 tuno
506 2169 573 2244 ipae
587 2169 803 2228 comburantur.

220 2262 297 2324 Item
310 2264 412 2323 nullus
426 2266 504 2324 debet
518 2266 638 2323 admitti
653 2265 695 2324 ad
712 2273 928 2324 sacramentum
942 2266 1069 2342 corporis
1083 2275 1109 2325 et
1121 2266 1281 2342 sanquinis
1294 2265 1368 2326 Jesu

161 2359 275 2421 Oloristi
294 2371 376 2421 costra
396 2363 497 2422 mortis
511 2362 680 2440 periculum
701 2362 861 2422 articulum
881 2362 943 2442 nisi
953 2362 1054 2438 fuerit
1075 2365 1273 2438 confirmatus,
1288 2363 1333 2423 rel
1348 2383 1368 2421 ιι

159 2459 315 2534 receptione
328 2460 504 2519 sacramenti
518 2458 852 2536 confirmationissuorit
866 2459 1081 2518 rationabiliter
1095 2459 1260 2536 impeditus.

220 2555 257 2612 N
254 2576 292 2614 on
305 2557 384 2616 debet
397 2557 537 2616 Sacerdos
545 2556 727 2633 parocbiulis
736 2575 793 2615 esse
803 2556 865 2615 sine
880 2555 1054 2626 cbrismate;
1076 2556 1125 2614 sed
1138 2554 1260 2631 quilibet
1270 2555 1366 2616 Sacer·-

160 2652 213 2710 dos
221 2653 403 2727 parochialis
417 2656 495 2713 debet
469 2664 528 2712 ιιιι
542 2675 595 2714 suo
609 2655 760 2731 Episcopo,
776 2673 836 2712 non
849 2652 885 2712 ab
900 2652 992 2726 alio,
979 2673 1014 2710 m
1021 2653 1150 2730 propria
1157 2673 1288 2729 persona
1302 2673 1364 2727 ιιιιι,

161 2749 205 2806 ael
218 2769 274 2824 per
294 2750 389 2808 alium
408 2751 546 2810 Sacerdot
536 2761 600 2825 tem,
622 2752 800 2823 Diaconum,
821 2771 853 2809 ιι
854 2750 1157 2823 lSubdiaconum,cl
1129 2751 1258 2810 cirisma
1274 2759 1366 2871 petere

161 2849 287 2924 sinpulis
300 2849 416 2910 antiis*

221 2945 361 3005 Sacerdos
381 2947 434 3022 qui
454 2949 489 3007 de
509 2957 597 3007 uetere
618 2949 771 3009 cbrismate
747 2949 877 3026 tunpit
899 2948 1202 3029 baptizatumnisi
1188 2969 1223 3006 ιιι
1201 2946 1366 3006 sorticulo

162 3042 346 3116 necessitatis,
361 3045 545 3120 deponendus
559 3055 618 3107 est:
639 3056 665 3106 et
678 3047 742 3106 idco
756 3047 832 3107 debet
847 3046 928 3105 ιιιιιιι
941 3065 1021 3104 anno
1035 3046 1069 3104 in
1082 3045 1130 3104 die
1145 3043 1231 3104 Oeace
1244 3042 1367 3103 Domini

161 3162 269 3200 nouum
284 3141 410 3200 cbrismu
423 3144 459 3202 ub
473 3145 616 3221 Episcopo
631 3145 740 3220 confici
757 3152 875 3204 etvetus
888 3144 1027 3203 remoueri
1040 3153 1066 3203 ιι
1080 3143 1266 3203 concremari.

223 3238 299 3298 Item
309 3249 369 3299 tam
378 3261 494 3300 sacrum
503 3242 597 3300 oleum
607 3262 696 3318 quam
705 3242 831 3301 cbrisma
839 3241 891 3300 sub
894 3241 981 3318 fideli
989 3242 1130 3314 custodia,
1141 3241 1217 3300 cliui
1224 3239 1364 3311 adbibita,

162 3337 261 3397 debent
251 3336 447 3411 tobsernari,
456 3360 492 3398 ne
515 3339 557 3398 ad
575 3339 628 3397 illa
649 3339 745 3416 possit
764 3358 873 3399 nunnus
894 3339 1049 3399 temeraria
1068 3338 1184 3398 ιιιιιιιιι
1204 3339 1245 3397 ad
1265 3337 1366 3413 alipio

162 3435 280 3510 cessario
294 3436 454 3494 exercenda.

224 3532 285 3590 Not
275 3541 305 3590 ιιι
319 3534 420 3608 quodt
422 3554 533 3610 empore
545 3532 695 3593 interdicti
702 3554 789 3610 pcner
789 3533 846 3592 ulcs
857 3533 918 3592 licit
907 3542 932 3592 ι
936 3541 1061 3610 possunt
1071 3531 1198 3607 conferri
1208 3530 1367 3607 baptismus

163 3631 432 3705 etconfirmatio,t
433 3652 483 3690 cm
503 3631 614 3690 adultis
634 3651 724 3708 quam
742 3631 888 3708 parvulis,
908 3632 957 3690 sed
977 3649 1037 3690 non
1053 3629 1186 3707 pulsatis
1206 3626 1364 3705 canaparvis,

162 3747 253 3804 nsque
266 3728 329 3788 alta
342 3749 411 3788 soce.

470 3877 483 3902 ”
500 3876 553 3922 The
564 3875 651 3923 Sarum
661 3877 758 3924 Minus]
769 3878 873 3925 adds-“
880 3884 933 3925 αιιι
944 3877 1054 3924 Pascbc.''
