<?xml version="1.0" encoding="UTF-8"?>
<!DOCTYPE html PUBLIC "-//W3C//DTD XHTML 1.0 Transitional//EN"
    "http://www.w3.org/TR/xhtml1/DTD/xhtml1-transitional.dtd">
<html xmlns="http://www.w3.org/1999/xhtml" xml:lang="en" lang="en">
 <head>
  <title>
</title>
<meta http-equiv="Content-Type" content="text/html;charset=utf-8" />
  <meta name='ocr-system' content='tesseract 3.04.00' />
  <meta name='ocr-capabilities' content='ocr_page ocr_carea ocr_par ocr_line ocrx_word'/>
</head>
<body>
  <div class='ocr_page' id='page_1' title='image "./manualeetproces00churgoog_0437.png"; bbox 0 0 2866 4846; ppageno 0'>
   <div class='ocr_carea' id='block_1_1' title="bbox 181 271 1181 361">
    <p class='ocr_par' dir='ltr' id='par_1_1' title="bbox 181 271 1181 361">
     <span class='ocr_line' id='line_1_1' title="bbox 181 271 1181 361; baseline -0.002 -14"><span class='ocrx_word' id='word_1_1' title='bbox 181 285 262 349; x_wconf 79' lang='lat'><em>192*</em></span> <span class='ocrx_word' id='word_1_2' title='bbox 397 274 541 343; x_wconf 85' lang='lat' dir='ltr'><em>Ordines</em></span> <span class='ocrx_word' id='word_1_3' title='bbox 557 271 912 340; x_wconf 59' lang='lat' dir='ltr'><em>auscitanensium</em></span> <span class='ocrx_word' id='word_1_4' title='bbox 926 280 956 340; x_wconf 88' lang='lat' dir='ltr'><em>et</em></span> <span class='ocrx_word' id='word_1_5' title='bbox 970 275 1181 361; x_wconf 78' lang='lat' dir='ltr'><em>Sepultura.</em></span> 
     </span>
    </p>
   </div>
   <div class='ocr_carea' id='block_1_2' title="bbox 178 439 1397 1723">
    <p class='ocr_par' dir='ltr' id='par_1_2' title="bbox 180 439 1397 600">
     <span class='ocr_line' id='line_1_2' title="bbox 180 439 1397 519; baseline 0 -13"><span class='ocrx_word' id='word_1_6' title='bbox 180 449 310 506; x_wconf 86' lang='lat' dir='ltr'><em>animam</em></span> <span class='ocrx_word' id='word_1_7' title='bbox 330 463 427 500; x_wconf 89' lang='lat' dir='ltr'><em>meam</em></span> <span class='ocrx_word' id='word_1_8' title='bbox 435 443 467 498; x_wconf 91' lang='lat' dir='ltr'><em>in</em></span> <span class='ocrx_word' id='word_1_9' title='bbox 484 442 552 498; x_wconf 89' lang='lat' dir='ltr'><em>sinu</em></span> <span class='ocrx_word' id='word_1_10' title='bbox 562 440 693 497; x_wconf 88' lang='lat' dir='ltr'><em>Abrahae</em></span> <span class='ocrx_word' id='word_1_11' title='bbox 710 439 885 517; x_wconf 75' lang='lat' dir='ltr'><strong>patriarchae</strong></span> <span class='ocrx_word' id='word_1_12' title='bbox 905 441 953 499; x_wconf 82' lang='lat' dir='ltr'><em>tui</em></span> <span class='ocrx_word' id='word_1_13' title='bbox 966 442 1078 519; x_wconf 82' lang='lat' dir='ltr'><em>jubeas</em></span> <span class='ocrx_word' id='word_1_14' title='bbox 1100 444 1259 504; x_wconf 85' lang='lat' dir='ltr'><em>collocari.</em></span> <span class='ocrx_word' id='word_1_15' title='bbox 1301 447 1397 506; x_wconf 80' lang='lat' dir='ltr'><em>Libera</em></span> 
     </span>
     <span class='ocr_line' id='line_1_3' title="bbox 182 526 391 600; baseline -0.038 -14"><span class='ocrx_word' id='word_1_16' title='bbox 182 549 238 600; x_wconf 91' lang='lat' dir='ltr'><em>mo,</em></span> <span class='ocrx_word' id='word_1_17' title='bbox 254 526 391 583; x_wconf 81' lang='lat' dir='ltr'>Domine.</span> 
     </span>
    </p>

    <p class='ocr_par' dir='ltr' id='par_1_3' title="bbox 179 600 1396 764">
     <span class='ocr_line' id='line_1_4' title="bbox 242 600 1396 677; baseline -0.005 -12"><span class='ocrx_word' id='word_1_18' title='bbox 242 606 353 665; x_wconf 75' lang='lat' dir='ltr'><em>Finitis</em></span> <span class='ocrx_word' id='word_1_19' title='bbox 369 601 509 671; x_wconf 76' lang='lat' dir='ltr'><em>Versibus,</em></span> <span class='ocrx_word' id='word_1_20' title='bbox 523 600 596 658; x_wconf 72' lang='lat' dir='ltr'><em>disin</em></span> <span class='ocrx_word' id='word_1_21' title='bbox 611 601 736 658; x_wconf 73' lang='lat' dir='ltr'><strong><em>iteratur</em></strong></span> <span class='ocrx_word' id='word_1_22' title='bbox 752 602 987 677; x_wconf 75' lang='lat' dir='ltr'><em>Responsoriam,</em></span> <span class='ocrx_word' id='word_1_23' title='bbox 1002 602 1152 665; x_wconf 76' lang='lat' dir='ltr'><em>Sacerdos</em></span> <span class='ocrx_word' id='word_1_24' title='bbox 1165 604 1302 668; x_wconf 73' lang='lat' dir='ltr'><em>incassat</em></span> <span class='ocrx_word' id='word_1_25' title='bbox 1314 607 1396 667; x_wconf 70' lang='lat' dir='ltr'><em>alasse</em></span> 
     </span>
     <span class='ocr_line' id='line_1_5' title="bbox 179 680 1091 764; baseline -0.007 -18"><span class='ocrx_word' id='word_1_26' title='bbox 179 698 205 747; x_wconf 87' lang='lat' dir='ltr'><em>ct</em></span> <span class='ocrx_word' id='word_1_27' title='bbox 214 697 316 764; x_wconf 85' lang='lat' dir='ltr'><em>postca</em></span> <span class='ocrx_word' id='word_1_28' title='bbox 329 703 433 759; x_wconf 86' lang='lat' dir='ltr'><em>corpus</em></span> <span class='ocrx_word' id='word_1_29' title='bbox 443 704 456 751; x_wconf 88' lang='lat'><em>,·</em></span> <span class='ocrx_word' id='word_1_30' title='bbox 477 680 579 738; x_wconf 84' lang='lat' dir='ltr'><em>deinde</em></span> <span class='ocrx_word' id='word_1_31' title='bbox 592 690 669 756; x_wconf 76' lang='lat' dir='ltr'><em>ropet</em></span> <span class='ocrx_word' id='word_1_32' title='bbox 681 702 735 756; x_wconf 83' lang='lat' dir='ltr'><em>pro</em></span> <span class='ocrx_word' id='word_1_33' title='bbox 749 702 780 739; x_wconf 86' lang='lat' dir='ltr'><em>co</em></span> <span class='ocrx_word' id='word_1_34' title='bbox 791 682 872 739; x_wconf 86' lang='lat' dir='ltr'><em>orari</em></span> <span class='ocrx_word' id='word_1_35' title='bbox 885 683 930 740; x_wconf 88' lang='lat' dir='ltr'><em>ita</em></span> <span class='ocrx_word' id='word_1_36' title='bbox 943 683 1091 745; x_wconf 79' lang='lat' dir='ltr'><em>dicertdo:</em></span> 
     </span>
    </p>

    <p class='ocr_par' dir='ltr' id='par_1_4' title="bbox 241 762 1010 839">
     <span class='ocr_line' id='line_1_6' title="bbox 241 762 1010 839; baseline -0.007 -14"><span class='ocrx_word' id='word_1_37' title='bbox 241 768 332 825; x_wconf 83' lang='lat' dir='ltr'><em>Pater</em></span> <span class='ocrx_word' id='word_1_38' title='bbox 345 770 455 820; x_wconf 88' lang='lat' dir='ltr'><em>noster.</em></span> <span class='ocrx_word' id='word_1_39' title='bbox 496 763 537 818; x_wconf 89' lang='lat' dir='ltr'><em>Et</em></span> <span class='ocrx_word' id='word_1_40' title='bbox 551 781 597 818; x_wconf 89' lang='lat' dir='ltr'><em>ne.</em></span> <span class='ocrx_word' id='word_1_41' title='bbox 640 762 712 817; x_wconf 81' lang='lat' dir='ltr'><em>Non</em></span> <span class='ocrx_word' id='word_1_42' title='bbox 725 763 826 819; x_wconf 82' lang='lat' dir='ltr'><em>intres.</em></span> <span class='ocrx_word' id='word_1_43' title='bbox 870 763 901 819; x_wconf 79' lang='lat' dir='ltr'>A</span> <span class='ocrx_word' id='word_1_44' title='bbox 915 768 1010 839; x_wconf 83' lang='lat' dir='ltr'><em>porta</em></span> 
     </span>
    </p>

    <p class='ocr_par' dir='ltr' id='par_1_5' title="bbox 240 841 745 905">
     <span class='ocr_line' id='line_1_7' title="bbox 240 841 745 905; baseline -0.008 0"><span class='ocrx_word' id='word_1_45' title='bbox 240 847 389 905; x_wconf 86' lang='lat' dir='ltr'>Dominus</span> <span class='ocrx_word' id='word_1_46' title='bbox 403 844 564 900; x_wconf 80' lang='lat' dir='ltr'><em>vobiscum.</em></span> <span class='ocrx_word' id='word_1_47' title='bbox 607 841 745 901; x_wconf 86' lang='lat' dir='ltr'><em>Oremus.</em></span> 
     </span>
    </p>

    <p class='ocr_par' dir='ltr' id='par_1_6' title="bbox 240 924 1164 1001">
     <span class='ocr_line' id='line_1_8' title="bbox 240 924 1164 1001; baseline -0.006 -16"><span class='ocrx_word' id='word_1_48' title='bbox 240 928 366 996; x_wconf 88' lang='lat' dir='ltr'><em>Inclina,</em></span> <span class='ocrx_word' id='word_1_49' title='bbox 383 924 519 994; x_wconf 86' lang='lat' dir='ltr'><em>Domine,</em></span> <span class='ocrx_word' id='word_1_50' title='bbox 534 941 635 978; x_wconf 86' lang='lat' dir='ltr'><em>aurem</em></span> <span class='ocrx_word' id='word_1_51' title='bbox 649 928 741 994; x_wconf 86' lang='lat' dir='ltr'><em>tuam,</em></span> <span class='ocrx_word' id='word_1_52' title='bbox 757 931 784 980; x_wconf 86' lang='lat' dir='ltr'><em>ct</em></span> <span class='ocrx_word' id='word_1_53' title='bbox 794 930 883 980; x_wconf 85' lang='lat' dir='ltr'><em>cetera</em></span> <span class='ocrx_word' id='word_1_54' title='bbox 896 930 1046 999; x_wconf 83' lang='lat' dir='ltr'><em>utsupra,</em></span> <span class='ocrx_word' id='word_1_55' title='bbox 1064 943 1094 1001; x_wconf 91' lang='lat' dir='ltr'><em>p.</em></span> <span class='ocrx_word' id='word_1_56' title='bbox 1112 924 1164 985; x_wconf 87' lang='grc'><em>64.</em></span> 
     </span>
    </p>

    <p class='ocr_par' dir='ltr' id='par_1_7' title="bbox 241 1004 658 1079">
     <span class='ocr_line' id='line_1_9' title="bbox 241 1004 658 1079; baseline -0.014 -14"><span class='ocrx_word' id='word_1_57' title='bbox 241 1009 311 1065; x_wconf 85' lang='lat' dir='ltr'><em>Post</em></span> <span class='ocrx_word' id='word_1_58' title='bbox 326 1007 385 1062; x_wconf 77' lang='lat' dir='ltr'><em>licea</em></span> <span class='ocrx_word' id='word_1_59' title='bbox 399 1004 524 1079; x_wconf 76' lang='lat' dir='ltr'><em>incipiat</em></span> <span class='ocrx_word' id='word_1_60' title='bbox 538 1012 640 1059; x_wconf 73' lang='lat' dir='ltr'><em>crantor</em></span> <span class='ocrx_word' id='word_1_61' title='bbox 649 1026 658 1060; x_wconf 96' lang='lat'><em>:</em></span> 
     </span>
    </p>

    <p class='ocr_par' dir='ltr' id='par_1_8' title="bbox 240 1083 1053 1160">
     <span class='ocr_line' id='line_1_10' title="bbox 240 1083 1053 1160; baseline -0.002 -16"><span class='ocrx_word' id='word_1_62' title='bbox 240 1089 279 1144; x_wconf 90' lang='lat' dir='ltr'><em>In</em></span> <span class='ocrx_word' id='word_1_63' title='bbox 291 1087 465 1143; x_wconf 79' lang='lat' dir='ltr'>Paradisum</span> <span class='ocrx_word' id='word_1_64' title='bbox 480 1083 634 1153; x_wconf 86' lang='lat' dir='ltr'><em>deducant,</em></span> <span class='ocrx_word' id='word_1_65' title='bbox 651 1091 677 1139; x_wconf 90' lang='lat' dir='ltr'><em>et</em></span> <span class='ocrx_word' id='word_1_66' title='bbox 691 1091 781 1140; x_wconf 87' lang='lat' dir='ltr'><em>cetera</em></span> <span class='ocrx_word' id='word_1_67' title='bbox 794 1091 828 1139; x_wconf 82' lang='lat' dir='ltr'><em>stt</em></span> <span class='ocrx_word' id='word_1_68' title='bbox 841 1102 941 1157; x_wconf 85' lang='lat' dir='ltr'><em>supra,</em></span> <span class='ocrx_word' id='word_1_69' title='bbox 956 1102 985 1160; x_wconf 90' lang='lat' dir='ltr'><em>p.</em></span> <span class='ocrx_word' id='word_1_70' title='bbox 1002 1083 1053 1142; x_wconf 84' lang='lat'><strong>58.</strong></span> 
     </span>
    </p>

    <p class='ocr_par' dir='ltr' id='par_1_9' title="bbox 179 1163 1391 1324">
     <span class='ocr_line' id='line_1_11' title="bbox 239 1163 1391 1247; baseline 0.001 -23"><span class='ocrx_word' id='word_1_71' title='bbox 239 1168 385 1224; x_wconf 82' lang='lat' dir='ltr'><em>I&#39;salrnas.</em></span> <span class='ocrx_word' id='word_1_72' title='bbox 430 1165 468 1221; x_wconf 93' lang='lat' dir='ltr'><em>In</em></span> <span class='ocrx_word' id='word_1_73' title='bbox 483 1164 568 1220; x_wconf 83' lang='lat' dir='ltr'><em>exitu</em></span> <span class='ocrx_word' id='word_1_74' title='bbox 582 1163 675 1219; x_wconf 84' lang='lat' dir='ltr'><em>lsrael</em></span> <span class='ocrx_word' id='word_1_75' title='bbox 688 1163 810 1240; x_wconf 69' lang='lat' dir='ltr'><em>(cciii.)</em></span> <span class='ocrx_word' id='word_1_76' title='bbox 822 1172 848 1220; x_wconf 88' lang='lat' dir='ltr'><em>ct</em></span> <span class='ocrx_word' id='word_1_77' title='bbox 865 1163 917 1220; x_wconf 89' lang='lat' dir='ltr'><em>Ad</em></span> <span class='ocrx_word' id='word_1_78' title='bbox 937 1170 976 1236; x_wconf 82' lang='lat' dir='ltr'><em>te,</em></span> <span class='ocrx_word' id='word_1_79' title='bbox 992 1163 1138 1238; x_wconf 85' lang='lat' dir='ltr'><strong>Domine,</strong></span> <span class='ocrx_word' id='word_1_80' title='bbox 1152 1165 1260 1226; x_wconf 82' lang='lat' dir='ltr'><strong>levavi</strong></span> <span class='ocrx_word' id='word_1_81' title='bbox 1279 1168 1391 1247; x_wconf 65' lang='grc' dir='ltr'><strong><em>(ωὐ.)</em></strong></span> 
     </span>
     <span class='ocr_line' id='line_1_12' title="bbox 179 1247 411 1324; baseline -0.03 -17"><span class='ocrx_word' id='word_1_82' title='bbox 179 1251 206 1307; x_wconf 84' lang='lat' dir='ltr'><em>si</em></span> <span class='ocrx_word' id='word_1_83' title='bbox 221 1268 293 1324; x_wconf 70' lang='lat' dir='ltr'><em>opum</em></span> <span class='ocrx_word' id='word_1_84' title='bbox 305 1247 411 1321; x_wconf 83' lang='lat' dir='ltr'><em>suerit.</em></span> 
     </span>
    </p>

    <p class='ocr_par' dir='ltr' id='par_1_10' title="bbox 178 1321 1392 1563">
     <span class='ocr_line' id='line_1_13' title="bbox 240 1321 1392 1407; baseline 0.002 -23"><span class='ocrx_word' id='word_1_85' title='bbox 240 1329 424 1384; x_wconf 73' lang='lat' dir='ltr'><em>Terruerant</em></span> <span class='ocrx_word' id='word_1_86' title='bbox 439 1323 592 1398; x_wconf 79' lang='lat' dir='ltr'><em>processis,</em></span> <span class='ocrx_word' id='word_1_87' title='bbox 615 1323 719 1380; x_wconf 85' lang='lat' dir='ltr'><em>deinde</em></span> <span class='ocrx_word' id='word_1_88' title='bbox 735 1321 857 1397; x_wconf 76' lang='lat' dir='ltr'><em>priores,</em></span> <span class='ocrx_word' id='word_1_89' title='bbox 884 1332 993 1398; x_wconf 88' lang='lat' dir='ltr'><em>etpost</em></span> <span class='ocrx_word' id='word_1_90' title='bbox 1014 1344 1118 1384; x_wconf 77' lang='lat' dir='ltr'><em>orarias</em></span> <span class='ocrx_word' id='word_1_91' title='bbox 1134 1337 1282 1403; x_wconf 82' lang='lat' dir='ltr'><em>portetur</em></span> <span class='ocrx_word' id='word_1_92' title='bbox 1300 1349 1392 1407; x_wconf 82' lang='lat' dir='ltr'><em>corpus</em></span> 
     </span>
     <span class='ocr_line' id='line_1_14' title="bbox 179 1404 1391 1484; baseline -0.005 -19"><span class='ocrx_word' id='word_1_93' title='bbox 179 1408 331 1482; x_wconf 72' lang='lat' dir='ltr'><em>ttesurtcti;</em></span> <span class='ocrx_word' id='word_1_94' title='bbox 372 1414 397 1462; x_wconf 87' lang='lat' dir='ltr'><em>ct</em></span> <span class='ocrx_word' id='word_1_95' title='bbox 433 1425 498 1462; x_wconf 80' lang='lat' dir='ltr'><em>carn</em></span> <span class='ocrx_word' id='word_1_96' title='bbox 528 1404 659 1473; x_wconf 71' lang='lat' dir='ltr'><em>exierint,</em></span> <span class='ocrx_word' id='word_1_97' title='bbox 678 1404 834 1478; x_wconf 80' lang='lat' dir='ltr'><em>pulsentur</em></span> <span class='ocrx_word' id='word_1_98' title='bbox 863 1405 964 1461; x_wconf 78' lang='lat' dir='ltr'><em>coertio</em></span> <span class='ocrx_word' id='word_1_99' title='bbox 989 1405 1086 1480; x_wconf 65' lang='lat' dir='ltr'><em>apua.</em></span> <span class='ocrx_word' id='word_1_100' title='bbox 1142 1408 1277 1484; x_wconf 69' lang='lat' dir='ltr'><em>Eprsta</em></span> <span class='ocrx_word' id='word_1_101' title='bbox 1305 1420 1391 1471; x_wconf 64' lang='lat' dir='ltr'><em>amm</em></span> 
     </span>
     <span class='ocr_line' id='line_1_15' title="bbox 178 1485 616 1563; baseline -0.016 -18"><span class='ocrx_word' id='word_1_102' title='bbox 178 1488 349 1563; x_wconf 75' lang='lat' dir='ltr'><em>Antiphonti</em></span> <span class='ocrx_word' id='word_1_103' title='bbox 363 1487 442 1542; x_wconf 81' lang='lat' dir='ltr'><em>dicat</em></span> <span class='ocrx_word' id='word_1_104' title='bbox 456 1485 616 1542; x_wconf 77' lang='lat' dir='ltr'><em>Sacerdos:</em></span> 
     </span>
    </p>

    <p class='ocr_par' dir='ltr' id='par_1_11' title="bbox 240 1564 949 1639">
     <span class='ocr_line' id='line_1_16' title="bbox 240 1564 949 1639; baseline -0.006 -14"><span class='ocrx_word' id='word_1_105' title='bbox 240 1568 302 1625; x_wconf 86' lang='lat' dir='ltr'><em>Piae</em></span> <span class='ocrx_word' id='word_1_106' title='bbox 317 1564 535 1633; x_wconf 65' lang='lat' dir='ltr'><em>recordationis</em></span> <span class='ocrx_word' id='word_1_107' title='bbox 551 1574 576 1620; x_wconf 86' lang='lat' dir='ltr'><em>et</em></span> <span class='ocrx_word' id='word_1_108' title='bbox 591 1571 682 1620; x_wconf 90' lang='lat' dir='ltr'><em>cetera</em></span> <span class='ocrx_word' id='word_1_109' title='bbox 695 1571 842 1638; x_wconf 84' lang='lat' dir='ltr'><em>utsupra,</em></span> <span class='ocrx_word' id='word_1_110' title='bbox 857 1583 884 1639; x_wconf 91' lang='lat' dir='ltr'><em>p.</em></span> <span class='ocrx_word' id='word_1_111' title='bbox 902 1564 949 1622; x_wconf 90' lang='grc'><em>96.</em></span> 
     </span>
    </p>

    <p class='ocr_par' dir='ltr' id='par_1_12' title="bbox 240 1644 1390 1723">
     <span class='ocr_line' id='line_1_17' title="bbox 240 1644 1390 1723; baseline -0.002 -18"><span class='ocrx_word' id='word_1_112' title='bbox 240 1649 324 1705; x_wconf 79' lang='lat' dir='ltr'><em>Tunc</em></span> <span class='ocrx_word' id='word_1_113' title='bbox 337 1648 481 1722; x_wconf 86' lang='lat' dir='ltr'><em>aperiater</em></span> <span class='ocrx_word' id='word_1_114' title='bbox 495 1644 667 1720; x_wconf 80' lang='lat' dir='ltr'><em>sepulcrum,</em></span> <span class='ocrx_word' id='word_1_115' title='bbox 683 1652 709 1701; x_wconf 89' lang='lat' dir='ltr'><em>et</em></span> <span class='ocrx_word' id='word_1_116' title='bbox 726 1653 899 1719; x_wconf 73' lang='lat' dir='ltr'><em>usperpatur</em></span> <span class='ocrx_word' id='word_1_117' title='bbox 919 1664 1000 1718; x_wconf 79' lang='lat' dir='ltr'><em>aqua</em></span> <span class='ocrx_word' id='word_1_118' title='bbox 1014 1645 1182 1723; x_wconf 79' lang='lat' dir='ltr'><em>benedicta,</em></span> <span class='ocrx_word' id='word_1_119' title='bbox 1197 1658 1226 1709; x_wconf 87' lang='lat' dir='ltr'><em>et</em></span> <span class='ocrx_word' id='word_1_120' title='bbox 1239 1650 1390 1710; x_wconf 64' lang='lat' dir='ltr'><em>incestatas</em></span> 
     </span>
    </p>
   </div>
   <div class='ocr_carea' id='block_1_3' title="bbox 170 1728 1389 4370">
    <p class='ocr_par' dir='ltr' id='par_1_13' title="bbox 180 1728 486 1802">
     <span class='ocr_line' id='line_1_18' title="bbox 180 1728 486 1802; baseline -0.01 -15"><span class='ocrx_word' id='word_1_121' title='bbox 180 1738 295 1787; x_wconf 74' lang='lat' dir='ltr'><em>cttrstore</em></span> <span class='ocrx_word' id='word_1_122' title='bbox 309 1728 486 1802; x_wconf 80' lang='lat' dir='ltr'><em>incipiente:</em></span> 
     </span>
    </p>

    <p class='ocr_par' dir='ltr' id='par_1_14' title="bbox 238 1804 1147 1885">
     <span class='ocr_line' id='line_1_19' title="bbox 238 1804 1147 1885; baseline 0.002 -19"><span class='ocrx_word' id='word_1_123' title='bbox 238 1810 364 1885; x_wconf 80' lang='lat' dir='ltr'><em>Aperite</em></span> <span class='ocrx_word' id='word_1_124' title='bbox 377 1807 452 1863; x_wconf 90' lang='lat' dir='ltr'><em>mihi</em></span> <span class='ocrx_word' id='word_1_125' title='bbox 466 1811 565 1881; x_wconf 89' lang='lat' dir='ltr'><em>portas</em></span> <span class='ocrx_word' id='word_1_126' title='bbox 575 1804 710 1880; x_wconf 85' lang='lat' dir='ltr'><em>justitiae,</em></span> <span class='ocrx_word' id='word_1_127' title='bbox 726 1812 752 1861; x_wconf 91' lang='lat' dir='ltr'><em>et</em></span> <span class='ocrx_word' id='word_1_128' title='bbox 766 1813 856 1862; x_wconf 84' lang='lat' dir='ltr'><em>cetera</em></span> <span class='ocrx_word' id='word_1_129' title='bbox 869 1811 1014 1880; x_wconf 83' lang='lat' dir='ltr'><em>utsupra,</em></span> <span class='ocrx_word' id='word_1_130' title='bbox 1029 1825 1058 1882; x_wconf 93' lang='lat' dir='ltr'><em>p.</em></span> <span class='ocrx_word' id='word_1_131' title='bbox 1078 1808 1147 1868; x_wconf 70' lang='lat'><strong>60⁸.</strong></span> 
     </span>
    </p>

    <p class='ocr_par' dir='ltr' id='par_1_15' title="bbox 238 1885 1204 1966">
     <span class='ocr_line' id='line_1_20' title="bbox 238 1885 1204 1966; baseline -0.002 -20"><span class='ocrx_word' id='word_1_132' title='bbox 238 1890 433 1947; x_wconf 88' lang='lat' dir='ltr'><em>Obsecramus</em></span> <span class='ocrx_word' id='word_1_133' title='bbox 446 1885 676 1942; x_wconf 89' lang='lat' dir='ltr'><em>misericordiam</em></span> <span class='ocrx_word' id='word_1_134' title='bbox 691 1891 781 1956; x_wconf 88' lang='lat' dir='ltr'><em>tuam,</em></span> <span class='ocrx_word' id='word_1_135' title='bbox 798 1893 824 1942; x_wconf 89' lang='lat' dir='ltr'><em>et</em></span> <span class='ocrx_word' id='word_1_136' title='bbox 838 1893 927 1942; x_wconf 88' lang='lat' dir='ltr'><em>cetera</em></span> <span class='ocrx_word' id='word_1_137' title='bbox 937 1894 970 1942; x_wconf 83' lang='lat' dir='ltr'><em>ut</em></span> <span class='ocrx_word' id='word_1_138' title='bbox 980 1906 1086 1962; x_wconf 82' lang='lat' dir='ltr'><em>supra,</em></span> <span class='ocrx_word' id='word_1_139' title='bbox 1102 1909 1131 1966; x_wconf 90' lang='lat' dir='ltr'><em>p.</em></span> <span class='ocrx_word' id='word_1_140' title='bbox 1152 1888 1204 1950; x_wconf 83' lang='grc'><em>97.</em></span> 
     </span>
    </p>

    <p class='ocr_par' dir='ltr' id='par_1_16' title="bbox 177 1964 1388 2126">
     <span class='ocr_line' id='line_1_21' title="bbox 239 1964 1388 2050; baseline 0.006 -24"><span class='ocrx_word' id='word_1_141' title='bbox 239 1971 322 2026; x_wconf 82' lang='lat' dir='ltr'><em>Tunc</em></span> <span class='ocrx_word' id='word_1_142' title='bbox 333 1967 521 2041; x_wconf 63' lang='lat' dir='ltr'><em>duofratres,</em></span> <span class='ocrx_word' id='word_1_143' title='bbox 536 1966 609 2022; x_wconf 77' lang='lat' dir='ltr'><em>attis</em></span> <span class='ocrx_word' id='word_1_144' title='bbox 623 1964 730 2035; x_wconf 84' lang='lat' dir='ltr'><em>irtduti,</em></span> <span class='ocrx_word' id='word_1_145' title='bbox 748 1965 902 2039; x_wconf 79' lang='lat' dir='ltr'><em>operientes</em></span> <span class='ocrx_word' id='word_1_146' title='bbox 919 1985 972 2023; x_wconf 91' lang='lat' dir='ltr'><em>ora</em></span> <span class='ocrx_word' id='word_1_147' title='bbox 985 1986 1043 2024; x_wconf 82' lang='lat' dir='ltr'><em>sua</em></span> <span class='ocrx_word' id='word_1_148' title='bbox 1058 1970 1237 2044; x_wconf 80' lang='lat' dir='ltr'><em>amictibus,</em></span> <span class='ocrx_word' id='word_1_149' title='bbox 1251 1972 1388 2050; x_wconf 68' lang='lat' dir='ltr'><em>accipiunt</em></span> 
     </span>
     <span class='ocr_line' id='line_1_22' title="bbox 177 2045 1019 2126; baseline -0.002 -19"><span class='ocrx_word' id='word_1_150' title='bbox 177 2070 287 2126; x_wconf 82' lang='lat' dir='ltr'><em>corpas,</em></span> <span class='ocrx_word' id='word_1_151' title='bbox 304 2059 329 2106; x_wconf 90' lang='lat' dir='ltr'><em>et</em></span> <span class='ocrx_word' id='word_1_152' title='bbox 344 2049 475 2106; x_wconf 79' lang='lat' dir='ltr'><em>collocent</em></span> <span class='ocrx_word' id='word_1_153' title='bbox 490 2047 523 2102; x_wconf 86' lang='lat' dir='ltr'><em>in</em></span> <span class='ocrx_word' id='word_1_154' title='bbox 536 2046 672 2120; x_wconf 82' lang='lat' dir='ltr'><em>sepulcro,</em></span> <span class='ocrx_word' id='word_1_155' title='bbox 689 2046 762 2102; x_wconf 80' lang='lat' dir='ltr'><em>darn</em></span> <span class='ocrx_word' id='word_1_156' title='bbox 777 2053 877 2102; x_wconf 90' lang='lat' dir='ltr'><em>cantor</em></span> <span class='ocrx_word' id='word_1_157' title='bbox 890 2045 1019 2122; x_wconf 71' lang='lat' dir='ltr'><em>tuapte.-</em></span> 
     </span>
    </p>

    <p class='ocr_par' dir='ltr' id='par_1_17' title="bbox 239 2127 626 2204">
     <span class='ocr_line' id='line_1_23' title="bbox 239 2127 626 2204; baseline -0.016 -18"><span class='ocrx_word' id='word_1_158' title='bbox 239 2130 418 2204; x_wconf 74' lang='lat' dir='ltr'><em>Antiphone.</em></span> <span class='ocrx_word' id='word_1_159' title='bbox 463 2127 626 2201; x_wconf 81' lang='lat' dir='ltr'><em>Ingrediar.</em></span> 
     </span>
    </p>

    <p class='ocr_par' dir='ltr' id='par_1_18' title="bbox 237 2203 783 2281">
     <span class='ocr_line' id='line_1_24' title="bbox 237 2203 783 2281; baseline -0.011 -15"><span class='ocrx_word' id='word_1_160' title='bbox 237 2211 383 2266; x_wconf 82' lang='lat' dir='ltr'><em>Psalmns.</em></span> <span class='ocrx_word' id='word_1_161' title='bbox 427 2206 681 2277; x_wconf 84' lang='lat' dir='ltr'><em>Quemadmodum</em></span> <span class='ocrx_word' id='word_1_162' title='bbox 695 2203 783 2281; x_wconf 76' lang='lat' dir='ltr'><em>(stt.)</em></span> 
     </span>
    </p>

    <p class='ocr_par' dir='ltr' id='par_1_19' title="bbox 238 2285 1316 2375">
     <span class='ocr_line' id='line_1_25' title="bbox 238 2285 1316 2375; baseline 0.004 -29"><span class='ocrx_word' id='word_1_163' title='bbox 238 2291 373 2362; x_wconf 80' lang='lat' dir='ltr'><em>Oramus,</em></span> <span class='ocrx_word' id='word_1_164' title='bbox 388 2289 494 2345; x_wconf 87' lang='lat' dir='ltr'><em>fratres</em></span> <span class='ocrx_word' id='word_1_165' title='bbox 508 2286 660 2354; x_wconf 83' lang='lat' dir='ltr'><em>carissimi,</em></span> <span class='ocrx_word' id='word_1_166' title='bbox 676 2305 729 2360; x_wconf 89' lang='lat' dir='ltr'><em>pro</em></span> <span class='ocrx_word' id='word_1_167' title='bbox 745 2285 867 2361; x_wconf 78' lang='lat' dir='ltr'><em>Spiritu,</em></span> <span class='ocrx_word' id='word_1_168' title='bbox 882 2294 907 2343; x_wconf 90' lang='lat' dir='ltr'><em>et</em></span> <span class='ocrx_word' id='word_1_169' title='bbox 922 2295 1013 2345; x_wconf 88' lang='lat' dir='ltr'><em>cetera</em></span> <span class='ocrx_word' id='word_1_170' title='bbox 1027 2299 1062 2346; x_wconf 85' lang='lat' dir='ltr'><em>ut</em></span> <span class='ocrx_word' id='word_1_171' title='bbox 1075 2311 1185 2368; x_wconf 70' lang='lat' dir='ltr'><em>stupra,</em></span> <span class='ocrx_word' id='word_1_172' title='bbox 1202 2317 1231 2375; x_wconf 88' lang='lat' dir='ltr'><em>p.</em></span> <span class='ocrx_word' id='word_1_173' title='bbox 1250 2300 1316 2360; x_wconf 88' lang='grc'>101,</span> 
     </span>
    </p>

    <p class='ocr_par' dir='ltr' id='par_1_20' title="bbox 238 2367 1173 2446">
     <span class='ocr_line' id='line_1_26' title="bbox 238 2367 1173 2446; baseline 0.005 -19"><span class='ocrx_word' id='word_1_174' title='bbox 238 2372 329 2441; x_wconf 86' lang='lat' dir='ltr'><em>Deus,</em></span> <span class='ocrx_word' id='word_1_175' title='bbox 344 2373 396 2444; x_wconf 86' lang='lat' dir='ltr'><em>qui</em></span> <span class='ocrx_word' id='word_1_176' title='bbox 406 2370 496 2444; x_wconf 83' lang='lat' dir='ltr'><em>justis</em></span> <span class='ocrx_word' id='word_1_177' title='bbox 511 2367 784 2443; x_wconf 68' lang='lat' dir='ltr'><em>supplicationibus</em></span> <span class='ocrx_word' id='word_1_178' title='bbox 799 2375 825 2423; x_wconf 90' lang='lat' dir='ltr'><em>et</em></span> <span class='ocrx_word' id='word_1_179' title='bbox 838 2375 929 2426; x_wconf 85' lang='lat' dir='ltr'><em>cetera</em></span> <span class='ocrx_word' id='word_1_180' title='bbox 942 2376 1083 2446; x_wconf 82' lang='lat' dir='ltr'><em>utsupra</em></span> <span class='ocrx_word' id='word_1_181' title='bbox 1097 2374 1173 2436; x_wconf 84' lang='lat' dir='ltr'><em>ibid.</em></span> 
     </span>
    </p>

    <p class='ocr_par' dir='ltr' id='par_1_21' title="bbox 239 2448 579 2523">
     <span class='ocr_line' id='line_1_27' title="bbox 239 2448 579 2523; baseline -0.012 -15"><span class='ocrx_word' id='word_1_182' title='bbox 239 2450 357 2509; x_wconf 81' lang='lat' dir='ltr'><em>Cantor.</em></span> <span class='ocrx_word' id='word_1_183' title='bbox 401 2448 579 2523; x_wconf 57' lang='lat' dir='ltr'><em>antiphona.</em></span> 
     </span>
    </p>

    <p class='ocr_par' dir='ltr' id='par_1_22' title="bbox 238 2527 945 2604">
     <span class='ocr_line' id='line_1_28' title="bbox 238 2527 945 2604; baseline 0 -18"><span class='ocrx_word' id='word_1_184' title='bbox 238 2532 313 2587; x_wconf 78' lang='lat' dir='ltr'><em>Hac</em></span> <span class='ocrx_word' id='word_1_185' title='bbox 328 2532 443 2604; x_wconf 81' lang='lat' dir='ltr'><em>requies</em></span> <span class='ocrx_word' id='word_1_186' title='bbox 456 2549 530 2599; x_wconf 86' lang='lat' dir='ltr'><em>mea,</em></span> <span class='ocrx_word' id='word_1_187' title='bbox 547 2537 572 2585; x_wconf 90' lang='lat' dir='ltr'><em>et</em></span> <span class='ocrx_word' id='word_1_188' title='bbox 587 2536 677 2585; x_wconf 88' lang='lat' dir='ltr'><em>cetera</em></span> <span class='ocrx_word' id='word_1_189' title='bbox 691 2535 838 2601; x_wconf 85' lang='lat' dir='ltr'><em>utsupra,</em></span> <span class='ocrx_word' id='word_1_190' title='bbox 854 2547 881 2602; x_wconf 93' lang='lat' dir='ltr'><em>p.</em></span> <span class='ocrx_word' id='word_1_191' title='bbox 899 2527 945 2586; x_wconf 87' lang='grc'><em>99.</em></span> 
     </span>
    </p>

    <p class='ocr_par' dir='ltr' id='par_1_23' title="bbox 238 2607 881 2684">
     <span class='ocr_line' id='line_1_29' title="bbox 238 2607 881 2684; baseline -0.005 -17"><span class='ocrx_word' id='word_1_192' title='bbox 238 2611 384 2668; x_wconf 80' lang='lat' dir='ltr'><em>Psatrnus.</em></span> <span class='ocrx_word' id='word_1_193' title='bbox 429 2611 591 2679; x_wconf 87' lang='lat' dir='ltr'><em>Mement0,</em></span> <span class='ocrx_word' id='word_1_194' title='bbox 608 2607 737 2663; x_wconf 88' lang='lat' dir='ltr'><em>Domine</em></span> <span class='ocrx_word' id='word_1_195' title='bbox 751 2607 881 2684; x_wconf 69' lang='lat' dir='ltr'><em>(canai)</em></span> 
     </span>
    </p>

    <p class='ocr_par' dir='ltr' id='par_1_24' title="bbox 237 2690 712 2766">
     <span class='ocr_line' id='line_1_30' title="bbox 237 2690 712 2766; baseline -0.006 -18"><span class='ocrx_word' id='word_1_196' title='bbox 237 2692 419 2766; x_wconf 71' lang='lat' dir='ltr'><em>Asperqatnr</em></span> <span class='ocrx_word' id='word_1_197' title='bbox 428 2700 513 2764; x_wconf 75' lang='lat' dir='ltr'><em>atqua</em></span> <span class='ocrx_word' id='word_1_198' title='bbox 528 2690 712 2745; x_wconf 84' lang='lat' dir='ltr'><em>incensetur:</em></span> 
     </span>
    </p>

    <p class='ocr_par' dir='ltr' id='par_1_25' title="bbox 237 2768 956 2843">
     <span class='ocr_line' id='line_1_31' title="bbox 237 2768 956 2843; baseline -0.001 -16"><span class='ocrx_word' id='word_1_199' title='bbox 237 2773 328 2843; x_wconf 86' lang='lat' dir='ltr'><em>Deus,</em></span> <span class='ocrx_word' id='word_1_200' title='bbox 344 2773 412 2827; x_wconf 71' lang='lat' dir='ltr'><em>ritae</em></span> <span class='ocrx_word' id='word_1_201' title='bbox 428 2772 520 2841; x_wconf 88' lang='lat' dir='ltr'><em>dator,</em></span> <span class='ocrx_word' id='word_1_202' title='bbox 538 2778 563 2826; x_wconf 89' lang='lat' dir='ltr'><em>et</em></span> <span class='ocrx_word' id='word_1_203' title='bbox 577 2778 667 2825; x_wconf 83' lang='lat' dir='ltr'><em>cetera</em></span> <span class='ocrx_word' id='word_1_204' title='bbox 681 2776 714 2823; x_wconf 85' lang='lat' dir='ltr'><em>ut</em></span> <span class='ocrx_word' id='word_1_205' title='bbox 728 2787 827 2841; x_wconf 68' lang='lat' dir='ltr'><em>snpra,</em></span> <span class='ocrx_word' id='word_1_206' title='bbox 844 2787 870 2842; x_wconf 89' lang='lat' dir='ltr'><strong>p.</strong></span> <span class='ocrx_word' id='word_1_207' title='bbox 889 2768 956 2827; x_wconf 89' lang='lat'><strong>101.</strong></span> 
     </span>
    </p>

    <p class='ocr_par' dir='ltr' id='par_1_26' title="bbox 238 2848 1351 2936">
     <span class='ocr_line' id='line_1_32' title="bbox 238 2848 1351 2936; baseline 0.008 -27"><span class='ocrx_word' id='word_1_208' title='bbox 238 2853 371 2909; x_wconf 80' lang='lat' dir='ltr'><em>Oramus.</em></span> <span class='ocrx_word' id='word_1_209' title='bbox 415 2853 505 2920; x_wconf 76' lang='lat' dir='ltr'><em>DeuS,</em></span> <span class='ocrx_word' id='word_1_210' title='bbox 517 2850 568 2925; x_wconf 92' lang='lat' dir='ltr'><em>qui</em></span> <span class='ocrx_word' id='word_1_211' title='bbox 579 2850 776 2904; x_wconf 88' lang='lat' dir='ltr'><em>humanarum</em></span> <span class='ocrx_word' id='word_1_212' title='bbox 786 2848 962 2921; x_wconf 87' lang='lat' dir='ltr'><em>animarum,</em></span> <span class='ocrx_word' id='word_1_213' title='bbox 974 2860 1000 2908; x_wconf 88' lang='lat' dir='ltr'><em>et</em></span> <span class='ocrx_word' id='word_1_214' title='bbox 1009 2861 1103 2912; x_wconf 86' lang='lat' dir='ltr'><em>cetera</em></span> <span class='ocrx_word' id='word_1_215' title='bbox 1112 2864 1150 2915; x_wconf 83' lang='lat' dir='ltr'><em>at</em></span> <span class='ocrx_word' id='word_1_216' title='bbox 1165 2877 1263 2936; x_wconf 76' lang='lat' dir='ltr'><em>sapm</em></span> <span class='ocrx_word' id='word_1_217' title='bbox 1282 2860 1351 2920; x_wconf 68' lang='lat' dir='ltr'><em>stat.</em></span> 
     </span>
    </p>

    <p class='ocr_par' dir='ltr' id='par_1_27' title="bbox 237 2929 1202 3011">
     <span class='ocr_line' id='line_1_33' title="bbox 237 2929 1202 3011; baseline 0.002 -22"><span class='ocrx_word' id='word_1_218' title='bbox 237 2933 355 2992; x_wconf 80' lang='lat' dir='ltr'><em>Cantor.</em></span> <span class='ocrx_word' id='word_1_219' title='bbox 400 2933 446 2988; x_wconf 89' lang='lat' dir='ltr'><em>De</em></span> <span class='ocrx_word' id='word_1_220' title='bbox 466 2939 546 2987; x_wconf 85' lang='lat' dir='ltr'><em>terra</em></span> <span class='ocrx_word' id='word_1_221' title='bbox 566 2929 728 3004; x_wconf 76' lang='lat' dir='ltr'><em>plasmasti,</em></span> <span class='ocrx_word' id='word_1_222' title='bbox 750 2937 776 2984; x_wconf 87' lang='lat' dir='ltr'><em>et</em></span> <span class='ocrx_word' id='word_1_223' title='bbox 796 2936 886 2985; x_wconf 87' lang='lat' dir='ltr'><em>cetera</em></span> <span class='ocrx_word' id='word_1_224' title='bbox 905 2938 940 2987; x_wconf 82' lang='lat' dir='ltr'><em>at</em></span> <span class='ocrx_word' id='word_1_225' title='bbox 960 2951 1062 3008; x_wconf 83' lang='lat' dir='ltr'><em>supra,</em></span> <span class='ocrx_word' id='word_1_226' title='bbox 1078 2954 1107 3011; x_wconf 92' lang='lat' dir='ltr'><em>p.</em></span> <span class='ocrx_word' id='word_1_227' title='bbox 1130 2937 1202 2996; x_wconf 88' lang='lat'><strong>100.</strong></span> 
     </span>
    </p>

    <p class='ocr_par' dir='ltr' id='par_1_28' title="bbox 236 3006 944 3087">
     <span class='ocr_line' id='line_1_34' title="bbox 236 3006 944 3087; baseline -0.004 -18"><span class='ocrx_word' id='word_1_228' title='bbox 236 3013 382 3069; x_wconf 81' lang='lat' dir='ltr'><em>Psatntns.</em></span> <span class='ocrx_word' id='word_1_229' title='bbox 428 3013 563 3080; x_wconf 89' lang='lat' dir='ltr'><em>Domine,</em></span> <span class='ocrx_word' id='word_1_230' title='bbox 580 3009 712 3085; x_wconf 85' lang='lat' dir='ltr'><em>probasti</em></span> <span class='ocrx_word' id='word_1_231' title='bbox 721 3027 768 3064; x_wconf 90' lang='lat' dir='ltr'><em>me</em></span> <span class='ocrx_word' id='word_1_232' title='bbox 783 3006 944 3087; x_wconf 68' lang='lat' dir='ltr'><em>(canani.)</em></span> 
     </span>
    </p>

    <p class='ocr_par' dir='ltr' id='par_1_29' title="bbox 237 3088 1070 3167">
     <span class='ocr_line' id='line_1_35' title="bbox 237 3088 1070 3167; baseline -0.004 -18"><span class='ocrx_word' id='word_1_233' title='bbox 237 3093 341 3149; x_wconf 84' lang='lat' dir='ltr'><em>Postea</em></span> <span class='ocrx_word' id='word_1_234' title='bbox 356 3093 505 3167; x_wconf 75' lang='lat' dir='ltr'><em>operiatur</em></span> <span class='ocrx_word' id='word_1_235' title='bbox 517 3101 602 3161; x_wconf 87' lang='lat' dir='ltr'><em>terra,</em></span> <span class='ocrx_word' id='word_1_236' title='bbox 617 3088 768 3146; x_wconf 64' lang='lat' dir='ltr'><em>&amp;scerdote</em></span> <span class='ocrx_word' id='word_1_237' title='bbox 777 3089 912 3162; x_wconf 71' lang='lat' dir='ltr'><em>pisinnan</em></span> <span class='ocrx_word' id='word_1_238' title='bbox 919 3091 1047 3165; x_wconf 78' lang='lat' dir='ltr'><em>jaciente</em></span> <span class='ocrx_word' id='word_1_239' title='bbox 1059 3119 1070 3154; x_wconf 78' lang='lat'><em>,-</em></span> 
     </span>
    </p>

    <p class='ocr_par' dir='ltr' id='par_1_30' title="bbox 175 3168 1386 3327">
     <span class='ocr_line' id='line_1_36' title="bbox 235 3168 1386 3254; baseline 0.008 -26"><span class='ocrx_word' id='word_1_240' title='bbox 235 3173 368 3229; x_wconf 80' lang='lat' dir='ltr'><em>Oramus</em></span> <span class='ocrx_word' id='word_1_241' title='bbox 413 3173 462 3243; x_wconf 87' lang='lat' dir='ltr'><em>Te,</em></span> <span class='ocrx_word' id='word_1_242' title='bbox 480 3171 616 3240; x_wconf 86' lang='lat' dir='ltr'><em>Domino,</em></span> <span class='ocrx_word' id='word_1_243' title='bbox 632 3174 733 3226; x_wconf 87' lang='lat' dir='ltr'><em>sancte</em></span> <span class='ocrx_word' id='word_1_244' title='bbox 751 3168 849 3242; x_wconf 87' lang='lat' dir='ltr'><em>Pater,</em></span> <span class='ocrx_word' id='word_1_245' title='bbox 865 3172 1011 3247; x_wconf 89' lang='lat' dir='ltr'><em>supplices</em></span> <span class='ocrx_word' id='word_1_246' title='bbox 1030 3174 1239 3254; x_wconf 86' lang='lat' dir='ltr'><em>deprecamur,</em></span> <span class='ocrx_word' id='word_1_247' title='bbox 1255 3189 1284 3240; x_wconf 88' lang='lat' dir='ltr'><em>et</em></span> <span class='ocrx_word' id='word_1_248' title='bbox 1304 3190 1386 3243; x_wconf 80' lang='lat' dir='ltr'><em>cetera</em></span> 
     </span>
     <span class='ocr_line' id='line_1_37' title="bbox 175 3253 426 3327; baseline 0.008 -22"><span class='ocrx_word' id='word_1_249' title='bbox 175 3263 208 3309; x_wconf 84' lang='lat' dir='ltr'><em>ut</em></span> <span class='ocrx_word' id='word_1_250' title='bbox 223 3273 323 3326; x_wconf 84' lang='lat' dir='ltr'><em>supra,</em></span> <span class='ocrx_word' id='word_1_251' title='bbox 335 3273 362 3327; x_wconf 89' lang='lat' dir='ltr'><strong>p.</strong></span> <span class='ocrx_word' id='word_1_252' title='bbox 381 3253 426 3307; x_wconf 79' lang='lat'><strong>81.</strong></span> 
     </span>
    </p>

    <p class='ocr_par' dir='ltr' id='par_1_31' title="bbox 236 3328 1386 3421">
     <span class='ocr_line' id='line_1_38' title="bbox 236 3328 1386 3421; baseline 0.006 -30"><span class='ocrx_word' id='word_1_253' title='bbox 236 3332 353 3391; x_wconf 77' lang='lat' dir='ltr'><em>Cantor.</em></span> <span class='ocrx_word' id='word_1_254' title='bbox 398 3333 618 3403; x_wconf 76' lang='lat' dir='ltr'><em>Nonint1·cs,ct</em></span> <span class='ocrx_word' id='word_1_255' title='bbox 633 3340 730 3388; x_wconf 87' lang='lat' dir='ltr'><em>cetera.</em></span> <span class='ocrx_word' id='word_1_256' title='bbox 769 3328 917 3396; x_wconf 84' lang='lat' dir='ltr'><em>Quoniam</em></span> <span class='ocrx_word' id='word_1_257' title='bbox 924 3351 994 3406; x_wconf 90' lang='lat' dir='ltr'><em>non,</em></span> <span class='ocrx_word' id='word_1_258' title='bbox 1004 3343 1030 3392; x_wconf 88' lang='lat' dir='ltr'><em>et</em></span> <span class='ocrx_word' id='word_1_259' title='bbox 1040 3344 1135 3395; x_wconf 87' lang='lat' dir='ltr'><em>cetera</em></span> <span class='ocrx_word' id='word_1_260' title='bbox 1143 3347 1181 3397; x_wconf 86' lang='lat' dir='ltr'><em>at</em></span> <span class='ocrx_word' id='word_1_261' title='bbox 1190 3360 1298 3418; x_wconf 71' lang='lat' dir='ltr'><em>stupra,</em></span> <span class='ocrx_word' id='word_1_262' title='bbox 1307 3363 1335 3421; x_wconf 93' lang='lat' dir='ltr'><em>p.</em></span> <span class='ocrx_word' id='word_1_263' title='bbox 1345 3345 1386 3402; x_wconf 81' lang='lat'><strong>93.</strong></span> 
     </span>
    </p>

    <p class='ocr_par' dir='ltr' id='par_1_32' title="bbox 235 3410 878 3487">
     <span class='ocr_line' id='line_1_39' title="bbox 235 3410 878 3487; baseline -0.006 -18"><span class='ocrx_word' id='word_1_264' title='bbox 235 3414 380 3470; x_wconf 84' lang='lat' dir='ltr'><em>Psulrnus.</em></span> <span class='ocrx_word' id='word_1_265' title='bbox 426 3413 562 3481; x_wconf 80' lang='lat' dir='ltr'><em>Domine,</em></span> <span class='ocrx_word' id='word_1_266' title='bbox 579 3413 696 3482; x_wconf 80' lang='lat' dir='ltr'><em>exaudi,</em></span> <span class='ocrx_word' id='word_1_267' title='bbox 712 3411 742 3466; x_wconf 89' lang='lat' dir='ltr'><em>ii.</em></span> <span class='ocrx_word' id='word_1_268' title='bbox 760 3410 878 3487; x_wconf 79' lang='lat' dir='ltr'><em>(catii.)</em></span> 
     </span>
    </p>

    <p class='ocr_par' dir='ltr' id='par_1_33' title="bbox 175 3494 1386 3647">
     <span class='ocr_line' id='line_1_40' title="bbox 234 3494 1386 3583; baseline 0.013 -34"><span class='ocrx_word' id='word_1_269' title='bbox 234 3494 366 3550; x_wconf 84' lang='lat' dir='ltr'><em>Orcnms.</em></span> <span class='ocrx_word' id='word_1_270' title='bbox 411 3494 491 3549; x_wconf 88' lang='lat' dir='ltr'><em>Deus</em></span> <span class='ocrx_word' id='word_1_271' title='bbox 512 3494 591 3568; x_wconf 89' lang='lat' dir='ltr'><em>apud</em></span> <span class='ocrx_word' id='word_1_272' title='bbox 612 3512 700 3567; x_wconf 85' lang='lat' dir='ltr'><em>quem</em></span> <span class='ocrx_word' id='word_1_273' title='bbox 720 3496 907 3552; x_wconf 87' lang='lat' dir='ltr'><em>mortuorum</em></span> <span class='ocrx_word' id='word_1_274' title='bbox 927 3494 1058 3570; x_wconf 86' lang='lat' dir='ltr'><em>spiritus,</em></span> <span class='ocrx_word' id='word_1_275' title='bbox 1074 3504 1101 3556; x_wconf 80' lang='lat' dir='ltr'><em>et</em></span> <span class='ocrx_word' id='word_1_276' title='bbox 1120 3508 1219 3560; x_wconf 83' lang='lat' dir='ltr'><em>cetera</em></span> <span class='ocrx_word' id='word_1_277' title='bbox 1234 3513 1272 3562; x_wconf 81' lang='lat' dir='ltr'><em>stt</em></span> <span class='ocrx_word' id='word_1_278' title='bbox 1288 3524 1386 3583; x_wconf 76' lang='lat' dir='ltr'><em>supra,</em></span> 
     </span>
     <span class='ocr_line' id='line_1_41' title="bbox 175 3576 267 3647; baseline 0.011 -19"><span class='ocrx_word' id='word_1_279' title='bbox 175 3593 201 3647; x_wconf 92' lang='lat' dir='ltr'><em>p.</em></span> <span class='ocrx_word' id='word_1_280' title='bbox 222 3576 267 3632; x_wconf 90' lang='grc'><em>99.</em></span> 
     </span>
    </p>

    <p class='ocr_par' dir='ltr' id='par_1_34' title="bbox 236 3654 578 3729">
     <span class='ocr_line' id='line_1_42' title="bbox 236 3654 578 3729; baseline -0.015 -15"><span class='ocrx_word' id='word_1_281' title='bbox 236 3655 355 3714; x_wconf 89' lang='lat' dir='ltr'><em>Cantor.</em></span> <span class='ocrx_word' id='word_1_282' title='bbox 399 3654 578 3729; x_wconf 74' lang='lat' dir='ltr'><em>Antiphonti.</em></span> 
     </span>
    </p>

    <p class='ocr_par' dir='ltr' id='par_1_35' title="bbox 235 3736 598 3811">
     <span class='ocr_line' id='line_1_43' title="bbox 235 3736 598 3811; baseline -0.008 -19"><span class='ocrx_word' id='word_1_283' title='bbox 235 3736 340 3793; x_wconf 83' lang='lat' dir='ltr'><em>Omnis</em></span> <span class='ocrx_word' id='word_1_284' title='bbox 354 3737 475 3811; x_wconf 87' lang='lat' dir='ltr'><em>spiritus</em></span> <span class='ocrx_word' id='word_1_285' title='bbox 489 3736 598 3791; x_wconf 82' lang='lat' dir='ltr'><em>laudet.</em></span> 
     </span>
    </p>

    <p class='ocr_par' dir='ltr' id='par_1_36' title="bbox 234 3813 763 3893">
     <span class='ocr_line' id='line_1_44' title="bbox 234 3813 763 3893; baseline 0.002 -21"><span class='ocrx_word' id='word_1_286' title='bbox 234 3817 379 3872; x_wconf 80' lang='lat' dir='ltr'><em>Psalntus.</em></span> <span class='ocrx_word' id='word_1_287' title='bbox 425 3816 557 3871; x_wconf 76' lang='lat' dir='ltr'><em>Laudato</em></span> <span class='ocrx_word' id='word_1_288' title='bbox 572 3813 763 3893; x_wconf 66' lang='lat' dir='ltr'><em>(astrui-ct.)</em></span> 
     </span>
    </p>

    <p class='ocr_par' dir='ltr' id='par_1_37' title="bbox 238 3896 1254 3974">
     <span class='ocr_line' id='line_1_45' title="bbox 238 3896 1254 3974; baseline 0.01 -22"><span class='ocrx_word' id='word_1_289' title='bbox 238 3897 459 3970; x_wconf 77' lang='lat' dir='ltr'><em>omnipotentis</em></span> <span class='ocrx_word' id='word_1_290' title='bbox 481 3897 538 3951; x_wconf 87' lang='lat' dir='ltr'><em>Dei</em></span> <span class='ocrx_word' id='word_1_291' title='bbox 552 3896 792 3966; x_wconf 83' lang='lat' dir='ltr'><em>nriscricordiam,</em></span> <span class='ocrx_word' id='word_1_292' title='bbox 808 3906 834 3954; x_wconf 90' lang='lat' dir='ltr'><em>et</em></span> <span class='ocrx_word' id='word_1_293' title='bbox 849 3906 938 3955; x_wconf 90' lang='lat' dir='ltr'><em>cetera</em></span> <span class='ocrx_word' id='word_1_294' title='bbox 951 3905 1100 3972; x_wconf 82' lang='lat' dir='ltr'><em>utsupra,</em></span> <span class='ocrx_word' id='word_1_295' title='bbox 1115 3917 1145 3974; x_wconf 93' lang='lat' dir='ltr'><em>p.</em></span> <span class='ocrx_word' id='word_1_296' title='bbox 1166 3902 1254 3964; x_wconf 63' lang='lat'><strong>178*.</strong></span> 
     </span>
    </p>

    <p class='ocr_par' dir='ltr' id='par_1_38' title="bbox 234 3976 1349 4061">
     <span class='ocr_line' id='line_1_46' title="bbox 234 3976 1349 4061; baseline 0.007 -30"><span class='ocrx_word' id='word_1_297' title='bbox 234 3976 369 4036; x_wconf 84' lang='lat' dir='ltr'><em>Orcnms.</em></span> <span class='ocrx_word' id='word_1_298' title='bbox 411 3977 456 4031; x_wconf 85' lang='lat' dir='ltr'><em>Tu</em></span> <span class='ocrx_word' id='word_1_299' title='bbox 467 3977 560 4046; x_wconf 82' lang='lat' dir='ltr'><em>nobis,</em></span> <span class='ocrx_word' id='word_1_300' title='bbox 579 3977 715 4048; x_wconf 89' lang='lat' dir='ltr'><em>Domine,</em></span> <span class='ocrx_word' id='word_1_301' title='bbox 733 3977 888 4049; x_wconf 81' lang='lat' dir='ltr'><em>auxilium,</em></span> <span class='ocrx_word' id='word_1_302' title='bbox 904 3986 930 4036; x_wconf 88' lang='lat' dir='ltr'><em>et</em></span> <span class='ocrx_word' id='word_1_303' title='bbox 944 3984 1084 4037; x_wconf 78' lang='lat' dir='ltr'><em>oetera&#39;ut</em></span> <span class='ocrx_word' id='word_1_304' title='bbox 1098 3999 1204 4056; x_wconf 80' lang='lat' dir='ltr'><em>supra,</em></span> <span class='ocrx_word' id='word_1_305' title='bbox 1220 4004 1251 4061; x_wconf 90' lang='lat' dir='ltr'><em>p.</em></span> <span class='ocrx_word' id='word_1_306' title='bbox 1266 3986 1349 4048; x_wconf 73' lang='grc'>177*,</span> 
     </span>
    </p>

    <p class='ocr_par' dir='ltr' id='par_1_39' title="bbox 234 4056 706 4130">
     <span class='ocr_line' id='line_1_47' title="bbox 234 4056 706 4130; baseline 0 -17"><span class='ocrx_word' id='word_1_307' title='bbox 234 4056 351 4114; x_wconf 86' lang='lat' dir='ltr'><em>Cantor.</em></span> <span class='ocrx_word' id='word_1_308' title='bbox 396 4057 541 4130; x_wconf 82' lang='lat' dir='ltr'><em>Requiom</em></span> <span class='ocrx_word' id='word_1_309' title='bbox 556 4063 706 4114; x_wconf 79' lang='lat' dir='ltr'><em>aeternam.</em></span> 
     </span>
    </p>

    <p class='ocr_par' dir='ltr' id='par_1_40' title="bbox 232 4136 558 4195">
     <span class='ocr_line' id='line_1_48' title="bbox 232 4136 558 4195; baseline -0.009 0"><span class='ocrx_word' id='word_1_310' title='bbox 232 4136 403 4195; x_wconf 84' lang='lat' dir='ltr'><em>Conventus.</em></span> <span class='ocrx_word' id='word_1_311' title='bbox 447 4138 487 4192; x_wconf 87' lang='lat' dir='ltr'><em>Et</em></span> <span class='ocrx_word' id='word_1_312' title='bbox 498 4137 558 4192; x_wconf 82' lang='lat' dir='ltr'><em>lux.</em></span> 
     </span>
    </p>

    <p class='ocr_par' dir='ltr' id='par_1_41' title="bbox 170 4215 1389 4370">
     <span class='ocr_line' id='line_1_49' title="bbox 232 4215 1389 4305; baseline 0.009 -32"><span class='ocrx_word' id='word_1_313' title='bbox 232 4215 349 4274; x_wconf 88' lang='lat' dir='ltr'><em>Cantor.</em></span> <span class='ocrx_word' id='word_1_314' title='bbox 395 4217 490 4274; x_wconf 89' lang='lat' dir='ltr'><em>Omne</em></span> <span class='ocrx_word' id='word_1_315' title='bbox 505 4218 584 4292; x_wconf 87' lang='lat' dir='ltr'><em>quod</em></span> <span class='ocrx_word' id='word_1_316' title='bbox 598 4218 649 4274; x_wconf 84' lang='lat' dir='ltr'><em>dat</em></span> <span class='ocrx_word' id='word_1_317' title='bbox 663 4219 738 4276; x_wconf 90' lang='lat' dir='ltr'><em>mihi</em></span> <span class='ocrx_word' id='word_1_318' title='bbox 760 4219 851 4278; x_wconf 85' lang='lat' dir='ltr'><em>Pater</em></span> <span class='ocrx_word' id='word_1_319' title='bbox 863 4219 902 4277; x_wconf 87' lang='lat' dir='ltr'><em>ad</em></span> <span class='ocrx_word' id='word_1_320' title='bbox 915 4238 962 4277; x_wconf 86' lang='lat' dir='ltr'><em>me</em></span> <span class='ocrx_word' id='word_1_321' title='bbox 975 4219 1086 4294; x_wconf 79' lang='lat' dir='ltr'><em>veniet,</em></span> <span class='ocrx_word' id='word_1_322' title='bbox 1104 4225 1137 4280; x_wconf 78' lang='lat' dir='ltr'><em>et</em></span> <span class='ocrx_word' id='word_1_323' title='bbox 1151 4241 1225 4283; x_wconf 85' lang='lat' dir='ltr'><em>eum</em></span> <span class='ocrx_word' id='word_1_324' title='bbox 1240 4228 1298 4305; x_wconf 88' lang='lat' dir='ltr'><em>qui</em></span> <span class='ocrx_word' id='word_1_325' title='bbox 1311 4230 1389 4288; x_wconf 84' lang='lat' dir='ltr'><em>venit</em></span> 
     </span>
     <span class='ocr_line' id='line_1_50' title="bbox 170 4296 572 4370; baseline 0.007 -19"><span class='ocrx_word' id='word_1_326' title='bbox 170 4296 208 4353; x_wconf 86' lang='lat' dir='ltr'><em>ad</em></span> <span class='ocrx_word' id='word_1_327' title='bbox 223 4316 269 4352; x_wconf 86' lang='lat' dir='ltr'><em>ms</em></span> <span class='ocrx_word' id='word_1_328' title='bbox 284 4316 344 4351; x_wconf 88' lang='lat' dir='ltr'><em>nou</em></span> <span class='ocrx_word' id='word_1_329' title='bbox 358 4297 473 4370; x_wconf 85' lang='lat' dir='ltr'><em>ejiciam</em></span> <span class='ocrx_word' id='word_1_330' title='bbox 488 4299 572 4354; x_wconf 83' lang='lat' dir='ltr'><em>foras.</em></span> 
     </span>
    </p>
   </div>
   <div class='ocr_carea' id='block_1_4' title="bbox 232 4376 999 4458">
    <p class='ocr_par' dir='ltr' id='par_1_42' title="bbox 232 4376 999 4458">
     <span class='ocr_line' id='line_1_51' title="bbox 232 4376 999 4458; baseline 0.009 -26"><span class='ocrx_word' id='word_1_331' title='bbox 232 4376 410 4435; x_wconf 83' lang='lat' dir='ltr'><em>Benedictus</em></span> <span class='ocrx_word' id='word_1_332' title='bbox 424 4378 514 4450; x_wconf 82' lang='lat' dir='ltr'><em>Deus,</em></span> <span class='ocrx_word' id='word_1_333' title='bbox 531 4381 613 4436; x_wconf 84' lang='lat' dir='ltr'><em>Deus</em></span> <span class='ocrx_word' id='word_1_334' title='bbox 628 4380 727 4438; x_wconf 83' lang='lat' dir='ltr'><em>Israel.</em></span> <span class='ocrx_word' id='word_1_335' title='bbox 745 4380 792 4458; x_wconf 82' lang='lat' dir='ltr'><strong>(S.</strong></span> <span class='ocrx_word' id='word_1_336' title='bbox 810 4381 880 4440; x_wconf 84' lang='lat' dir='ltr'><em>Luc.</em></span> <span class='ocrx_word' id='word_1_337' title='bbox 896 4381 915 4439; x_wconf 83' lang='lat' dir='ltr'><em>i.</em></span> <span class='ocrx_word' id='word_1_338' title='bbox 933 4381 999 4458; x_wconf 87' lang='grc'><em>68.)</em></span> 
     </span>
    </p>
   </div>
   <div class='ocr_carea' id='block_1_5' title="bbox 0 0 1438 4846">
    <p class='ocr_par' dir='ltr' id='par_1_43' title="bbox 0 0 1438 4846">
     <span class='ocr_line' id='line_1_52' title="bbox 0 0 1438 4846; baseline 0 2"><span class='ocrx_word' id='word_1_339' title='bbox 0 0 1438 4846; x_wconf 95' lang='lat' dir='ltr'><em> </em></span> 
     </span>
    </p>
   </div>
  </div>
 </body>
</html>
