2850 4800
511 326 686 413 Eceequioe
706 326 931 394 Mortuerum.
1282 337 1324 407 67

176 509 374 583 Emboooant,
398 516 430 570 et
449 511 666 570 conturbentur
682 511 878 571 vehementur
899 531 1001 572 omnes
1025 515 1140 574 inimici
1161 517 1239 579 mei:
1260 539 1326 579 con-

115 610 281 679 vertentur,
296 612 328 664 et
340 607 517 666 erubescant
529 606 615 666 valde
628 606 775 666 velociter.

176 702 326 781 Requiem
339 709 492 794 aternam.

175 845 356 924 anasum.

113 940 1324 1127 Q

162 1135 460 1213 (ion-ver·te·re,
497 1139 680 1212 Do-mi·ne,
708 1146 740 1198 et
783 1142 931 1218 e·ri-pe
965 1144 1153 1204 ami-mam
1177 1167 1301 1225 meam,

784 1422 1220 1460 -Ι

138 1491 337 1566 quo-ni·am
357 1497 484 1552 nonest
510 1491 544 1550 in
588 1497 712 1551 mor-te
742 1493 795 1568 qui
822 1512 965 1552 memor
995 1496 1036 1554 sit
1069 1497 1154 1556 tu-i.

171 1649 353 1728 amemur

108 1747 461 1917 Q

180 1943 405 2019 Ne-quan-do.

168 2069 414 2149 Poobnuafirii.)
857 2070 1253 2154 E-V-O-V-A.R

168 2167 310 2240 Domine,
335 2166 418 2225 Deus
441 2185 534 2238 meus,
559 2165 592 2224 in
614 2171 647 2224 te
670 2164 805 2244 speravi:
834 2167 952 2226 salvum
975 2187 1023 2226 mo
1047 2169 1093 2228 fac
1115 2189 1156 2229 ex
1179 2171 1317 2231 omnibus

106 2264 355 2344 persequentibus
368 2281 425 2334 me,
440 2268 471 2320 et
483 2262 577 2320 libero
590 2281 645 2321 me.

168 2359 339 2438 Nequando
351 2359 458 2435 rapiat,
474 2364 509 2416 ut
528 2357 583 2432 leo,
599 2358 728 2417 animam
743 2377 857 2419 meam:
878 2357 951 2418 dum
965 2377 1026 2419 non
1047 2361 1160 2438 estqui
1179 2360 1315 2438 redimat,

106 2476 206 2535 neque
219 2456 273 2533 qui
285 2455 402 2513 salvum
414 2453 511 2512 faciat.

168 2552 308 2624 Domine,
324 2552 406 2608 Deus
419 2569 510 2619 meus,
525 2549 551 2607 si
564 2549 620 2608 feci
633 2550 722 2623 istud,
738 2550 764 2608 si
777 2556 823 2609 est
836 2551 982 2629 iniquitas
995 2553 1028 2609 in
1041 2552 1179 2614 manibus
1193 2553 1273 2614 meis

168 2651 203 2708 Si
216 2650 332 2708 reddidi
345 2649 579 2707 retribuentibus
592 2649 667 2706 mihi
680 2649 766 2722 mala,
783 2649 916 2708 decidam
930 2651 1036 2709 merito
1050 2651 1087 2708 ab
1100 2650 1228 2709 inimicis
1241 2651 1314 2711 meis

105 2744 215 2802 inanis
937 2793 943 2803 .

168 2840 367 2915 Persequatur
386 2837 524 2896 inimicus
543 2837 674 2895 animam
695 2857 800 2911 meam,
815 2845 846 2896 ct
859 2839 1099 2917 comprehendat,
1113 2847 1144 2900 et
1162 2841 1314 2904 conculcet

105 2939 140 2995 in
153 2943 236 2995 terra
248 2937 340 2994 vitam
354 2955 460 3006 meam,
475 2942 506 2993 et
518 2935 642 3012 gloriam
656 2953 752 2992 meam
765 2936 797 2993 in
811 2936 961 3011 pulverem
977 2938 1109 2998 deducat.

169 3034 315 3111 Exsurge,
337 3033 474 3105 Domine,
499 3032 532 3090 in
556 3033 602 3090 ira
623 3037 697 3091 tua:
727 3039 758 3090 ct
781 3034 914 3091 exaltare
937 3034 1102 3094 infinibus
1125 3036 1313 3096 inimicorum

107 3151 251 3190 meorum.

169 3227 212 3284 Et
233 3246 367 3303 exsurge,
390 3225 519 3284 Domine
539 3225 622 3283 Deus
640 3245 732 3297 meus,
754 3226 787 3283 in
807 3234 963 3305 praecepto,
984 3230 1064 3307 quod
1085 3233 1255 3295 mandasti:
1285 3240 1316 3293 et

105 3344 257 3402 synagoga
269 3325 446 3401 populorum
459 3322 657 3381 circumdabit
671 3329 710 3381 te.

167 3418 211 3480 Et
225 3426 344 3498 propter
356 3420 434 3477 hanc
448 3420 481 3476 in
493 3419 591 3477 altum
604 3418 760 3496 regredere
773 3440 780 3478 :
801 3419 950 3478 Dominus
960 3421 1224 3501 judicat—populos.

166 3518 278 3578 Judica
297 3537 353 3588 me,
368 3516 507 3588 Domine,
522 3516 686 3574 secundum
702 3515 855 3593 justitiam
875 3537 981 3592 meam,
997 3525 1028 3577 et
1048 3521 1212 3579 secundum
1232 3521 1316 3582 inno·

106 3617 237 3676 centiam
251 3635 348 3673 meam
362 3633 451 3691 super
465 3634 523 3672 me.

166 3714 367 3772 Consumetur
379 3711 515 3789 nequitia
535 3716 731 3788 peccatorum,
747 3716 778 3768 et
792 3711 902 3789 diriges
918 3713 1052 3789 justum:
1076 3721 1213 3774 scrutans
1226 3715 1315 3775 corda

106 3818 138 3873 ot
151 3829 246 3882 renes,
263 3811 353 3869 Deus.

165 3910 189 3968 J
190 3914 291 3966 ustum
304 3906 488 3985 adjutorium
501 3925 601 3964 meum
614 3925 633 3963 a
646 3900 787 3978 Domino,
802 3905 856 3982 qui
870 3904 967 3964 salvos
980 3906 1053 3965 fecit
1067 3912 1163 3965 rectos
1176 3906 1273 3966 corde.

166 4006 250 4064 Deus
259 4005 355 4082 judex
364 4004 473 4080 justus,
488 4003 584 4076 fortis,
597 4009 627 4061 et
641 4003 758 4080 patiens
771 4022 777 4062 :
799 4003 947 4080 numquid
961 4002 1101 4061 irascitur
1114 4021 1168 4078 per
1181 4000 1314 4080 singulos

105 4100 192 4158 diesi

165 4196 236 4254 Nisi
248 4194 383 4253 conversi
396 4192 523 4269 fueritis,
536 4192 669 4272 gladium
682 4212 770 4252 suum
784 4193 931 4252 vibrabit:
955 4211 1057 4252 arcum
1071 4211 1158 4249 suum
1171 4192 1308 4270 tetendit,

103 4301 136 4352 ot
149 4293 268 4371 paravit
280 4292 376 4351 illum.

166 4391 208 4448 Et
219 4390 253 4449 in
266 4409 302 4449 eo
314 4387 434 4468 paravit
445 4407 517 4448 vasa
529 4389 656 4464 mortio3
674 4388 799 4467 sagittas
812 4407 880 4449 suas
893 4387 1067 4448 ardentibus
1081 4390 1186 4452 effecit.
