2850 4800
168 325 212 387 20
601 315 706 384 Ritus
725 315 948 402 'Baptizandi

164 503 259 564 sciant
267 500 411 578 parrulos
424 499 571 576 informa
590 498 720 558 Ecclesia
741 499 888 576 baptizare
896 496 1074 575 profermdo
1079 496 1217 575 formam
1230 499 1383 561 verborum

164 600 302 677 baptismi
315 600 350 657 in
364 598 469 674 linqua
488 606 624 656 nsoterna
644 597 780 655 distincte
797 605 824 655 et
844 604 941 674 aperte
959 605 985 655 et
999 597 1093 656 solum
1106 598 1198 656 unica
1211 618 1285 671 voce,
1299 598 1382 657 nullo

163 699 249 758 modo
262 698 396 756 iterando
409 696 494 755 verba
507 695 561 754 illa
574 696 631 754 rite
643 695 729 754 semel
742 695 864 771 prolata
884 694 930 754 vel
945 695 1060 755 similia
1072 715 1160 772 somer
1173 697 1306 771 eundem,
1320 697 1384 757 sirie

163 798 268 872 aliqua
292 795 451 868 additione,
474 795 676 867 subtractione,
702 793 922 869 interruptione,
948 794 1026 852 verbi
1045 815 1103 870 pro
1125 796 1209 854 verbo
1225 796 1381 872 positione,

163 893 325 952 mutatione
342 891 525 968 corruptione
538 910 588 949 seu
603 890 825 966 transpositione
845 890 887 948 sic
907 890 1029 949 dicendo
1039 915 1048 950 :
1072 891 1125 963 N.,
1142 893 1160 949 I
1174 898 1295 968 crysien
1312 895 1384 953 ihcc

162 988 195 1047 in
217 988 270 1046 the
291 1007 378 1046 nume
400 987 435 1046 of
459 987 512 1045 ihc
533 985 631 1044 Fuder
651 987 711 1043 and
730 986 764 1043 of
780 986 833 1043 ihs
854 985 954 1045 Sonne
974 987 1034 1044 and
1055 986 1090 1045 of
1106 986 1159 1045 she
1179 988 1266 1066 Holy
1280 990 1382 1051 coste.

163 1087 272 1144 Amen.
321 1084 372 1144 Vel
393 1085 428 1143 in
451 1083 557 1159 linpua
585 1084 696 1141 Latina
723 1083 787 1141 sic:
822 1082 874 1156 N.,
900 1083 964 1160 Ego
989 1085 1108 1161 baptizo
1138 1090 1170 1143 te
1195 1086 1230 1144 in
1260 1087 1383 1147 nomino

162 1184 263 1242 Putris
284 1188 316 1239 eti
338 1181 411 1238 Filii
432 1187 463 1239 ei
486 1181 617 1257 Spiritus
644 1178 755 1238 Sancti.
812 1180 941 1238 Amen:
978 1201 1089 1255 aquam
1117 1201 1206 1258 sscper
1233 1181 1383 1260 insontem

162 1281 332 1357 sparpendo,
366 1278 411 1338 vel
447 1279 546 1355 ipsum
583 1279 617 1336 in
655 1298 766 1353 aquom
802 1278 957 1354 merpendo
993 1288 1035 1338 ter
1068 1279 1113 1338 vel
1148 1279 1251 1340 saltem
1287 1282 1380 1342 semel.

162 1379 203 1437 Et
233 1379 261 1436 si
289 1396 368 1453 puer
392 1375 492 1452 fuerit
523 1375 689 1450 baptizatus
719 1376 880 1434 secundum
909 1375 994 1434 illam
1019 1375 1156 1452 forncam
1191 1386 1291 1437 caveat
1324 1378 1382 1439 sibi

161 1475 372 1550 unusquisque,
395 1493 431 1530 ne
453 1473 561 1531 iterum
585 1472 708 1530 eundem
730 1470 864 1546 baptizet.
919 1471 978 1531 Sed
1006 1472 1034 1532 si
1061 1471 1233 1549 hujusmodi
1255 1475 1382 1551 parvuli

161 1573 366 1644 convellescont,
389 1571 563 1647 slefhrontur
586 1569 628 1627 ad
648 1569 816 1643 Ecclesiam,
840 1579 866 1628 et
890 1571 1030 1629 dicantur
1050 1590 1138 1644 super
1158 1591 1205 1631 eos
1228 1573 1382 1633 eaorcisnci

162 1679 189 1728 et
231 1666 394 1727 catedcisan'
435 1687 501 1725 cum
541 1664 736 1736 unctionibus,
771 1675 798 1724 et
833 1686 900 1724 curn
936 1667 1007 1725 aliis
1044 1666 1232 1744 contradictis,
1270 1679 1382 1746 praeter

160 1764 352 1823 inversionem
379 1781 465 1837 aquae
493 1771 520 1820 et
539 1762 675 1839 sormam
704 1746 861 1838 baptismi,
875 1781 940 1838 quse
969 1763 1089 1823 omnino
1119 1772 1191 1822 sunt
1218 1766 1380 1826 omittenda

161 1861 292 1921 videlicet
323 1877 413 1933 usque
441 1859 523 1928 Quid
552 1861 629 1936 petis
640 1880 649 1933 ;
672 1868 711 1929 et
739 1859 775 1919 ab
804 1860 872 1918 bino
901 1880 992 1936 usque
1019 1862 1061 1919 ad
1087 1860 1177 1920 illum
1201 1862 1297 1923 domun
1323 1884 1380 1941 quo

160 1958 301 2019 Sacerdos
315 1955 414 2013 debeat
421 1956 587 2032 parvulum
601 1956 754 2015 oltrismate
769 1957 863 2016 linire.
907 1959 948 2016 Et
962 1958 1027 2017 ideo
1041 1959 1068 2017 si
1082 1959 1177 2018 laicus
1190 1960 1381 2036 baptizaverit

155 2074 286 2133 puerum
307 2062 465 2128 antequam
486 2052 634 2127 deseratur
653 2055 694 2112 od
713 2053 882 2126 Ecclesiam,
897 2056 1053 2131 interropet
1066 2055 1207 2116 Sacerdos
1225 2058 1381 2134 dilipenter

161 2154 235 2230 quid
249 2152 357 2210 disserit
371 2160 396 2210 et
410 2151 484 2227 quid
489 2149 603 2224 fhcerit.
645 2151 687 2208 Et
700 2153 727 2210 si
740 2152 882 2211 invenerit
897 2153 1006 2212 laicum
1016 2154 1135 2212 discrete
1146 2164 1172 2213 et
1186 2154 1280 2215 debito
1293 2157 1379 2217 modo

160 2251 318 2327 baptizasse
332 2259 359 2308 et
363 2249 500 2326 soracum
513 2248 663 2306 verborum
682 2249 820 2323 baptismi
832 2258 867 2307 ut
887 2269 979 2326 supra
998 2251 1033 2308 in
1047 2271 1100 2309 suo
1113 2251 1255 2311 idiomate
1269 2254 1379 2329 intepre

156 2347 321 2423 protulisse,
343 2346 480 2423 approbet
486 2343 608 2420 sactum
622 2352 648 2402 et
661 2364 722 2402 non
735 2345 891 2420 rebaptizet
905 2367 979 2405 esem.

221 2444 257 2503 Si
270 2464 334 2503 vero
348 2442 458 2502 dubitet
478 2440 694 2500 rationabiliter
707 2440 848 2500 Sacerdos
865 2451 969 2502 utrum
982 2443 1088 2520 irisans
1106 2445 1148 2503 ad
1167 2444 1379 2522 baptizandum

160 2542 215 2599 sibi
228 2541 341 2601 oblatus
349 2541 440 2617 prius
460 2541 494 2597 in
509 2539 616 2614 forma
636 2536 838 2611 debitofuerit
859 2539 1022 2615 baptizatus
1042 2542 1088 2600 vel
1098 2561 1167 2615 non,
1184 2542 1264 2602 debet
1277 2545 1378 2603 orinia

155 2643 289 2714 perficere
311 2659 377 2697 curn
397 2659 427 2696 eo
448 2637 524 2694 sicut
545 2657 612 2695 cum
630 2635 689 2694 ulio
710 2656 795 2711 quem
816 2646 926 2695 constat
944 2638 1000 2696 sibi
1017 2660 1079 2698 non
1100 2660 1156 2700 esse
1178 2642 1360 2718 baptizatum
1364 2664 1376 2713 ;

156 2745 265 2811 proeter
278 2737 357 2810 quod
370 2734 455 2792 verbo
469 2733 695 2791 sacramentalia
706 2734 872 2792 essentialia
879 2735 1014 2810 proferre
1024 2736 1122 2796 debeat
1133 2739 1188 2798 sub
1203 2741 1376 2814 conditiora,

160 2835 212 2892 boc
225 2835 309 2892 creoda
324 2832 422 2891 <licens
433 2857 443 2892 .·
464 2830 499 2887 N
498 2874 516 2902 .,
532 2831 564 2888 Si
578 2833 747 2908 baptizatus
765 2853 804 2906 est,
821 2852 882 2891 non
900 2839 930 2892 te
948 2834 1084 2911 baptizo:
1106 2837 1133 2895 si
1149 2857 1213 2895 non
1233 2858 1265 2897 es
1283 2838 1377 2915 bapti-

162 2938 253 3002 zatus,
269 2951 322 3007 ogo
346 2930 462 3007 baptizo
487 2937 518 2986 ts
529 2949 538 3001 ;
570 2930 610 2987 In
631 2931 751 2988 nomine
773 2930 873 2988 Patris
902 2937 932 2990 ei
951 2932 1024 2989 Filii
1051 2939 1082 2991 ei
1110 2934 1242 3012 Spiritus
1263 2935 1374 2994 Sancti.

162 3031 281 3101 Amcn3
309 3029 361 3087 sub
376 3026 540 3104 aspersione
551 3026 596 3084 vel
607 3027 789 3087 immersione
803 3037 838 3084 ut
851 3049 951 3104 supra.

222 3127 263 3183 Et
283 3136 323 3183 est
344 3124 555 3184 observandum
576 3132 638 3182 tane
658 3125 693 3182 de
713 3124 886 3200 baptismate
899 3145 989 3200 quam
1004 3127 1038 3186 de
1053 3130 1284 3204 corcflrmatione,
1299 3131 1377 3207 quod

162 3224 394 3298 psruscdocunque
414 3223 576 3294 dubitatur,
592 3222 653 3279 sine
674 3221 855 3281 dubitatime
876 3222 1073 3298 confiscatur,
1089 3226 1163 3300 quia
1181 3246 1244 3285 non
1265 3226 1377 3285 dieitur

162 3322 309 3392 iteratum,
320 3321 398 3395 quod
407 3318 636 3395 nescitursuisse
648 3319 784 3377 collatum
793 3341 806 3390 ,·
821 3328 846 3378 et
860 3319 924 3377 ideo
938 3321 989 3379 sub
998 3321 1259 3398 proedictaforma
1272 3324 1376 3400 baptiz

162 3425 249 3475 entur
270 3415 400 3491 infantes
420 3416 541 3492 cupiositi
561 3416 596 3474 de
616 3434 742 3490 quorum
763 3416 905 3492 baptismo
921 3417 1111 3493 probabiliter
1130 3418 1295 3494 dubitatur,
1318 3420 1376 3479 sire

163 3512 356 3570 inveniantur
370 3531 435 3570 cum
449 3511 509 3570 sale
523 3511 567 3569 vel
579 3511 642 3570 siue
656 3511 723 3569 sale.

203 3608 377 3667 Notsmdum
390 3617 431 3666 est
450 3609 539 3666 etium
560 3609 637 3684 quod
657 3609 684 3666 si
702 3607 806 3682 infans
826 3609 864 3667 sit
882 3609 916 3666 iu
924 3610 1055 3686 periculo
1070 3612 1180 3685 mortis,
1196 3620 1268 3671 tunc
1275 3613 1376 3690 priano

160 3707 369 3765 introducatur
383 3707 423 3764 ad
433 3705 551 3781 fontem
564 3715 590 3763 et
602 3704 750 3780 firmiter*
764 3706 925 3782 baptizetur
943 3709 1109 3784 incipiendo
1123 3710 1164 3768 ad
1177 3709 1257 3769 bunc
1271 3710 1374 3783 mouere,

164 3804 245 3873 Quid
265 3804 361 3880 potis:
382 3811 408 3860 et
428 3801 455 3860 si
470 3811 538 3878 post
559 3801 737 3877 baptismum
756 3803 868 3876 viderit,
884 3804 986 3862 lrabeat
1008 3814 1100 3864 totum
1119 3807 1274 3866 residuum
1291 3808 1376 3867 servi·

161 3902 238 3959 tium
266 3899 478 3977 supradictum.
521 3898 588 3957 Hoc
607 3908 706 3957 autem
725 3900 760 3957 in
780 3901 904 3975 quolibet
923 3912 1104 3961 sacramento
1122 3902 1285 3963 observetur
1296 3905 1375 3981 quod

161 4001 394 4073 quorsumcunque
402 3995 571 4072 pericnlum
584 3994 700 4053 videtur
712 3995 871 4069 imminere,
887 4016 997 4075 semper
1009 3998 1175 4074 incipiatur
1187 4000 1229 4057 ad
1242 3999 1373 4059 substau-

163 4097 237 4153 tiom
250 4097 334 4155 illius
346 4094 532 4166 sacramenti,
544 4101 570 4151 et
579 4101 681 4168 postea
693 4094 847 4152 residuum
861 4095 1039 4170 compleatur
1055 4096 1105 4155 ubi
1112 4096 1232 4172 poterit.

223 4194 294 4251 Noa
314 4193 377 4250 licet
398 4191 526 4267 aliquem
546 4189 693 4264 baptizare
713 4190 748 4248 in
767 4192 841 4249 aula
860 4192 904 4249 vel
920 4193 954 4249 in
968 4212 1083 4252 consero
1096 4193 1141 4251 vel
1152 4193 1187 4251 in
1200 4192 1302 4269 aliquo
1316 4191 1372 4251 loco

161 4289 212 4361 pri
216 4300 286 4361 roto,
298 4291 347 4347 sed
356 4290 503 4347 obtrectarat
513 4288 548 4345 in
557 4285 694 4346 Ecclesiis
703 4288 738 4345 in
746 4289 852 4363 quibus
860 4290 1037 4365 suntsontes
1047 4292 1088 4350 ad
1097 4291 1150 4351 boa
1159 4291 1323 4368 sprecials'ter
1331 4308 1371 4349 or-

548 4400 561 4423 *
577 4399 629 4443 Tha
641 4399 728 4445 Sarum
738 4399 985 4461 Manum—“postero''
