2850 4800
491 264 802 370 Commendatieaes
823 263 1051 370 Mortuerum.

228 510 1333 587 amn
1373 525 1380 533 '

208 629 260 686 bes
293 661 304 672 ·
337 614 527 686 -eoz‘dum
553 625 747 684 ve-ne-ris
779 624 1034 702 judi-care,
1068 623 1168 682 no-li
1227 643 1277 683 me

229 869 303 903 ..ι’
323 869 355 901 ιι(
514 865 716 901 ’1-
746 891 752 896 .
770 828 998 901 *gl

455 907 537 941 ιΙΙιι
562 907 621 940 -Ι
720 906 999 941 -l

176 981 476 1042 'con-demnas
518 1016 529 1025 ·
572 1001 666 1040 ->re.
788 981 946 1041 Mo-do.

229 1133 327 1209 Kyrie
340 1132 466 1208 eleyson.
511 1125 768 1207 Oh'riste'eleyson.
781 1115 783 1120 ¹
811 1129 910 1207 Kyiie
923 1114 1049 1206 eleyson.

229 1230 321 1288 Pater
333 1235 441 1287 noster.
485 1229 618 1286 Oremus.

192 1401 193 1405 Ἰ
229 1327 320 1404 Deus,
335 1326 384 1382 cui
396 1318 497 1381 emnia
510 1325 627 1397 vivunt,
642 1328 674 1381 et
687 1314 735 1380 cui
748 1341 810 1379 non
822 1311 949 1399 pereunt
969 1321 1121 1380 moriendo
1135 1341 1258 1399 corpora
1270 1329 1374 1381 nostra

169 1425 220 1484 sed
244 1429 401 1480 mutantur
422 1424 455 1478 in
477 1422 592 1494 melius,
613 1427 644 1479 te
657 1420 809 1497 'supplices
832 1418 1032 1495 deprecamur,
1053 1424 1089 1477 ut
1109 1417 1251 1496 quicquid
1274 1420 1376 1477 anima

168 1513 274 1598 famuli
294 1521 342 1578 tui
363 1520 507 1596 yitiorum
531 1525 649 1595 tuaeque
664 1517 823 1583 ¹voluntati
846 1517 1036 1589 contrarium,
1057 1516 1180 1575 fallente
1202 1515 1321 1574 diabolo
1344 1521 1375 1574 et

169 1617 288 1695 propria
311 1616 472 1692 iniquitate
495 1622 585 1693 atque
608 1615 780 1690 fragilitate,
801 1615 991 1685 contraxerit,
1010 1620 1046 1671 tu
1065 1613 1133 1690 pius
1154 1617 1185 1670 et
1209 1612 1376 1672 misericors

169 1715 272 1772 abluas
285 1714 474 1790 indulgendo,
491 1731 613 1788 eamque
634 1714 742 1789 suscipi
758 1715 864 1790 jubeas
877 1732 930 1789 per
943 1731 1049 1769 manus
1063 1714 1233 1769 sanctorum
1247 1709 1377 1787 Angelo

170 1832 238 1869 rum
258 1817 380 1868 tuorum
402 1809 602 1867 deducendam
621 1809 655 1865 in
675 1810 789 1867 sinibus
810 1801 1049 1867 Patriarcharum
1075 1812 1198 1864 tuorum
1218 1805 1376 1865 Abraham

170 1909 282 1967 scilicet
303 1906 391 1964 amici
404 1906 451 1962 tui
464 1912 495 1963 et
508 1905 592 1964 Isaac
612 1906 699 1964 electi
718 1908 766 1965 tui
786 1914 877 1984 atque
890 1906 986 1982 Jacob
1000 1905 1102 1963 dilecti
1114 1903 1170 1975 tui,
1185 1923 1246 1980 quo
1258 1905 1376 1982 aufugit

170 2005 253 2063 dolor
266 2011 296 2062 et
309 2003 434 2061 tristitia
448 2009 540 2086 atque
551 2004 721 2080 suspirium,
736 2005 869 2062 fidelium
883 2023 1000 2081 quoque
1014 2003 1121 2082 animae
1135 2001 1224 2078 plena
1236 2001 1374 2079 felicique

166 2103 352 2180 jecrmditate
365 2101 515 2173 laetantur,
529 2107 565 2158 ut
578 2100 611 2157 in
625 2102 785 2159 novissimo
806 2102 907 2178 magni
923 2100 1030 2178 judicii
1051 2100 1099 2158 die
1118 2094 1199 2157 inter
1211 2089 1330 2157 sanctos
1343 2103 1374 2156 et

171 2201 278 2259 eleetos
291 2205 358 2256 tuos
372 2217 436 2256 eam
446 2197 535 2255 facias
548 2203 697 2274 perpetuae
711 2198 811 2274 gloriae
824 2198 973 2274 percipere
987 2196 1161 2273 portionem,
1174 2213 1264 2271 quam
1274 2194 1377 2253 oculus

170 2318 232 2355 non
245 2297 322 2354 vidit
336 2314 389 2352 nec
403 2294 483 2350 auris
497 2294 613 2351 audivit
625 2314 680 2352 nec
693 2295 726 2351 in
739 2314 789 2352 cor
802 2295 931 2351 hominis
944 2293 1086 2364 ascendit,
1101 2311 1191 2368 quam
1203 2291 1376 2368 praeparasti

120 2423 124 2429 ·
172 2394 363 2470 diligentibus
377 2398 415 2450 te.
445 2391 609 2449 Praestante
623 2391 753 2449 Domino
767 2397 869 2448 nostro
883 2391 957 2448 Jesu
972 2390 1100 2465 Christo,
1115 2389 1168 2465 qui
1180 2394 1289 2446 tecum.

233 2491 348 2566 Corpus
360 2490 523 2548 iaceasetasr
536 2488 609 2546 dam
622 2497 761 2546 caatatar
775 2488 1023 2565 Respoaeeeiaac:

232 2587 304 2644 Heu
317 2586 402 2657 mihi,
417 2585 553 2656 Domine,
569 2593 604 2642 at
617 2604 718 2660 capra,
734 2605 761 2662 p.
780 2583 826 2645 74.

233 2683 331 2758 Kyrie
345 2683 470 2758 eleyson.
515 2681 632 2764 Christe
646 2682 771 2756 eleyson.
816 2683 913 2759 Kyrie
926 2681 1054 2760 eleyson..

233 2781 324 2836 Pater
337 2783 445 2835 noster.
489 2778 623 2836 Oremus.
1086 2848 1089 2854 ι

233 2875 301 2945 Fac,
322 2893 498 2950 quaesumus,
513 2874 650 2947 Domine,
672 2875 749 2932 hanc
770 2895 837 2932 cum
859 2894 943 2932 servo
966 2879 1020 2931 tuo
1040 2873 1082 2930 N.
1103 2872 1243 2930 defuneto
1264 2872 1373 2930 miseri-

174 2971 312 3042 cordiam,
329 2976 363 3027 ut
377 2970 522 3027 factorum
542 2989 663 3027 suorum
683 2971 716 3027 in
736 2972 829 3047 paenis
848 2991 909 3028 non
929 2954 1052 3046 recipiat
1064 2970 1167 3044 vicem,
1183 2970 1237 3046 qui
1250 2966 1375 3028 tusmin

171 3069 250 3127 votis
273 3068 372 3125 tenuit
390 3068 592 3125 voluntatem:
617 3074 652 3126 ut
673 3069 749 3126 sicut
772 3069 822 3127 hic
840 3089 908 3127 eum
927 3088 998 3126 vera
1017 3067 1091 3126 fides
1111 3067 1217 3144 junxit
1242 3065 1374 3124 fidolium

171 3167 287 3236 turmiS,
302 3166 347 3223 ita
359 3185 426 3223 eum
440 3165 501 3222 illic
514 3171 568 3222 tua
581 3166 731 3223 miseratio
745 3168 836 3225 societ
849 3167 990 3244 angelicis
1003 3166 1106 3224 choris.
1150 3165 1209 3225 Per
1223 3164 1375 3224 Christum

173 3264 338 3322 Dominum
351 3269 496 3320 nostrum.

234 3361 330 3436 Kyrie
344 3360 470 3434 eleyson.
513 3358 631 3416 Ohriste
644 3360 771 3435 eleyson.
815 3360 912 3438 Kyrie
925 3361 1051 3437 eleyson.

235 3456 295 3513 Hic
308 3464 386 3529 repet
401 3456 617 3513 circumstantes
630 3475 715 3514 erare
723 3476 782 3532 pro
795 3477 825 3515 eo
836 3481 846 3517 .·

234 3551 325 3608 Pater
337 3556 445 3621 noster,
460 3551 522 3608 siae
535 3560 611 3610 aeta.
655 3552 697 3610 Et
710 3573 748 3611 ne
761 3573 822 3612 nos.

234 3648 381 3723 Requiem
395 3653 543 3705 aeternam.

235 3745 330 3803 Credo
344 3744 453 3801 videre.

235 3843 267 3900 A
280 3847 367 3918 porta
380 3840 475 3900 inferi.

235 3939 384 3997 Dominus
397 3938 557 3996 vobiscum.

235 4038 295 4094 Pro
308 4036 467 4095 Sacerdote.
512 4033 707 4111 Omnipotens
721 4024 898 4113 sempiterne
911 4037 1003 4108 Deus,
1017 4033 1066 4094 cui
1079 4052 1241 4110 nunquam.

234 4133 423 4209 Profamalo
438 4131 546 4190 Oratio.
590 4132 716 4205 Inclina,
732 4134 868 4192 Domine.

234 4231 295 4288 Pro
300 4228 425 4304 famula
440 4227 550 4287 Oratio.
593 4229 777 4302 Quaesumus,
793 4230 931 4305 Domine,
946 4250 1000 4308 pro
1014 4236 1068 4287 tus
1080 4226 1199 4305 pictate.

234 4322 293 4379 Hic
307 4331 479 4398 acperyatwr
493 4341 597 4399 capae
611 4331 637 4381 et
651 4322 816 4383 iaeeacetar
830 4333 911 4385 teret
924 4327 1062 4400 efferatae·
1075 4321 1321 4401 acceptatam.
