2850 4800
196 298 257 361 84·
550 292 896 359 Mausoleodusum
908 292 1051 361 Sarum.

255 458 436 534 Acctiplcouo.
479 459 543 534 Ego
557 478 630 515 sirm.

255 550 401 608 Psclucue.
444 550 633 607 Benedictus

255 642 358 700 Finito
373 642 500 713 Pucluzo,
517 649 577 699 totu
590 642 709 698 dicutur
721 641 914 717 Antiphone:

255 722 319 798 Ego
333 742 398 778 suni
412 722 586 779 resurrectio
600 721 716 791 etrite,
731 722 784 797 qui
797 722 891 779 crcdit
904 723 937 779 in
950 741 999 779 me
1015 723 1114 783 etiam
1128 726 1156 785 si
1170 734 1314 789 mortuus
1324 729 1398 789 iuuit

192 801 284 873 rivet,
300 809 330 858 ct
344 802 439 858 omnis
453 802 506 877 qui
520 802 598 857 vivit
610 807 641 857 ct
655 800 749 858 credit
762 802 795 858 in
808 821 856 859 mc
869 820 930 860 non
943 803 1095 861 morietur
1108 806 1145 863 in
1158 814 1328 889 ueternum.¹

255 894 322 965 chu
336 895 416 951 dicto
428 902 568 968 sequatur
581 893 633 951 lcoe
645 893 750 951 uredo:
1074 926 1077 931 ·

253 975 351 1049 Kyric
365 974 489 1049 eleyson.
534 973 652 1030 Christe
665 972 790 1049 eleyson.
834 973 932 1049 Kyrie
944 972 1077 1051 eleyson.

253 1067 313 1123 Hic
326 1075 404 1140 repet
418 1064 558 1123 Sacerdos
572 1085 656 1123 ocare
664 1084 723 1140 pro
736 1065 841 1123 auium
853 1065 994 1139 defuncti,
1009 1067 1054 1125 ito
1069 1069 1177 1131 diceas
1186 1096 1199 1133 .·

252 1145 504 1282 {ppelupgppgrbl
534 1151 565 1202 et
591 1164 646 1221 pro
672 1145 827 1202 animabus
856 1146 990 1203 omnium
1016 1146 1158 1208 fidelium
1188 1152 1395 1215 defimetorum.

250 1321 365 1378 Dciudc
378 1320 458 1377 <licet
471 1318 613 1377 rS'acerdoc
622 1344 632 1378 .·

248 1401 289 1456 Et
303 1419 406 1457 nenos
420 1400 542 1456 inducas
556 1400 589 1455 in
601 1400 807 1457 tentationem.
851 1399 910 1459 Sed
920 1400 1016 1461 libere
1029 1420 1086 1461 nos
1100 1423 1122 1462 e.
1135 1407 1233 1467 mulo.

249 1480 396 1554 Requiem
410 1486 551 1536 internum
565 1480 643 1536 dona
657 1480 709 1551 eis,
724 1479 874 1537 Domine:

288 1560 330 1615 Et
343 1560 397 1616 lux
411 1564 553 1635 perpetuu
566 1559 664 1617 lucent
677 1559 727 1617 eis.

247 1639 279 1695 A
292 1645 379 1714 porta
393 1639 499 1697 inferi:

287 1720 375 1790 Erue,
393 1719 529 1787 Domine,
544 1719 659 1775 unimus
673 1738 784 1777 eorum.

247 1799 342 1856 Orode
355 1799 456 1856 videre
469 1800 548 1856 boue
561 1799 704 1872 Domini:

286 1879 325 1935 In
339 1885 419 1935 tenu
432 1878 608 1937 virentium.

245 1959 316 2015 Non
330 1959 424 2015 intres
437 1959 469 2014 in
479 1958 628 2033 judicium
641 1976 709 2014 cum
722 1977 807 2015 servo
820 1963 884 2031 tuo,
899 1958 1045 2017 Domine:

285 2039 362 2107 Quia
376 2057 437 2095 non
446 2038 662 2113 justificabitur
675 2038 708 2093 in
721 2044 879 2114 conspectu
893 2043 946 2096 tuo
959 2040 1056 2097 omnis
1068 2041 1190 2103 vivens.

242 2118 379 2190 Domine,
394 2118 503 2175 exaudi
515 2118 678 2175 emtionem
691 2136 786 2175 meam
799 2139 806 2177 :

284 2198 324 2254 Et
339 2199 449 2255 clamor
462 2217 544 2254 meus
558 2198 596 2254 ud
610 2202 641 2254 te
657 2198 767 2255 veniat.

246 2278 394 2335 Dominus
408 2278 568 2334 vobiscum.

284 2358 325 2415 Et
339 2377 406 2414 cum
420 2357 527 2432 spiritu
542 2362 605 2414 tuo,
1421 2394 1423 2429 Ι

248 2439 380 2495 Oremus.
426 2437 536 2495 Oratio.

242 2519 333 2587 Deus,
345 2518 426 2593 origo
437 2516 564 2592 pietatis,
575 2521 660 2592 puter
669 2515 944 2589 misericordiarum,
956 2516 1088 2575 solamen
1097 2520 1251 2598 tristium,
1262 2526 1386 2586 indultor

181 2598 349 2668 criminum,
366 2598 402 2654 de
422 2597 506 2671 cujus
530 2614 652 2652 munere
674 2596 760 2654 venit
781 2615 868 2654 omne
890 2597 968 2673 quod
989 2597 1104 2655 bonum
1124 2606 1182 2673 est,
1199 2611 1233 2661 et
1253 2606 1385 2683 procedit,

180 2680 291 2754 respice
313 2677 460 2753 propitius
482 2675 647 2752 supplicum
670 2695 778 2751 preces.
821 2676 863 2733 Et
884 2676 1020 2752 quemvis
1043 2680 1170 2756 propris
1194 2702 1255 2743 nos
1276 2692 1385 2763 reputet

179 2759 316 2834 indignos
344 2756 523 2814 conscientia
554 2761 584 2813 te
611 2757 722 2813 nostris
758 2756 839 2813 flecti
865 2756 1067 2832 petitionibus,
1103 2760 1266 2836 pulsamus
1293 2772 1384 2823 tamen

179 2839 475 2916 quantulumcunque
509 2836 681 2893 conceditur
720 2855 806 2893 eures
846 2841 907 2893 tuce
940 2837 1068 2912 pietatis.
1124 2839 1213 2901 Nam
1248 2844 1277 2903 si
1309 2844 1384 2905 omit

180 2921 281 2985 timus,
295 2918 328 2973 in
342 2922 469 2991 utroquo
479 2934 618 2973 veromiu
631 2934 692 2972 esse
700 2916 753 2986 rei,
765 2916 906 2990 quoniam
914 2922 945 2973 et
957 2922 988 2974 te
1000 2917 1170 2994 praecipies
1183 2926 1383 2997 peccatoribus

179 2998 304 3065 exorari,
320 3001 488 3071 nostroque,
505 2996 561 3052 etsi
574 3014 635 3052 non
648 2995 763 3066 merito,
779 2995 834 3053 hoc
847 2995 1001 3071 agendum,
1013 3001 1044 3054 te
1057 3004 1234 3075 praestunte,
1245 3004 1384 3063 tribuitur
1420 3028 1422 3034 ·

179 3076 353 3133 ministeriu.
397 3076 477 3150 Ergo
496 3081 536 3146 te,
552 3075 690 3143 Domine,
711 3081 812 3132 sancte
830 3076 930 3147 Peter,
951 3076 1140 3153 omnipotens
1158 3086 1277 3141 aeterne
1297 3084 1379 3155 Deus,

178 3157 231 3233 qui
243 3156 364 3211 unicum
379 3155 491 3211 Filium
511 3161 599 3211 tuum
620 3154 784 3212 Dominum
797 3161 931 3213 nostrum
945 3155 968 3213 J
969 3174 1051 3214 esum
1065 3156 1225 3219 Christum
1238 3162 1379 3223 inccmcri

180 3237 216 3292 de
232 3235 348 3309 virgine
361 3234 552 3305 constituisti,
568 3254 627 3309 quo
640 3240 793 3292 vetustum
813 3234 941 3293 solveret
960 3236 1079 3312 proprio
1100 3256 1208 3299 cruore
1221 3250 1377 3319 peccatum,

178 3321 209 3372 et
231 3315 326 3370 uitam
349 3313 484 3371 redderet
508 3315 627 3386 mundo,
652 3315 717 3389 ipso
740 3314 915 3391 opitulante,
935 3316 1064 3373 animem
1091 3315 1198 3377 fratris
1225 3324 1323 3381 nostri
1342 3320 1380 3381 uel

177 3394 285 3453 sororis
322 3399 431 3450 nostrae
470 3393 510 3451 N.
538 3395 576 3451 ab
614 3394 762 3470 ergastulo
788 3395 958 3453 coenoleutoe
994 3396 1126 3454 metense
1150 3408 1323 3479 exemptam
1343 3400 1377 3461 sb

177 3475 314 3533 omnibus
334 3473 458 3549 piaculis
478 3493 647 3549 quaesumus
667 3474 810 3531 absolvas.
860 3475 968 3533 Nullas
986 3475 1121 3551 patietur
1139 3477 1269 3539 insidias
1288 3500 1375 3541 occur·

175 3555 307 3613 sentium
322 3554 497 3623 doemonum,
512 3559 633 3628 propter
653 3573 742 3629 quam
763 3554 872 3611 misisti
891 3556 930 3612 ud
949 3561 1043 3613 tems
1064 3556 1257 3633 unigenitum
1271 3562 1372 3619 Filium

175 3641 270 3693 tuum.
319 3635 427 3691 Libera
448 3639 479 3690 et
499 3633 617 3689 absolve
640 3652 706 3690 eam
727 3634 765 3691 ub
789 3636 943 3692 cestuuntis
964 3634 1106 3711 gehenne
1129 3640 1214 3698 truci
1234 3640 1370 3709 incendio,

175 3716 319 3773 collocans
332 3715 365 3770 in
378 3713 507 3790 peradisi
520 3712 696 3769 amoenitate.
740 3714 810 3770 Non
822 3715 940 3785 sentiat,
952 3713 1082 3791 piissime
1094 3714 1200 3791 Pater,
1211 3722 1293 3796 quod
1305 3720 1371 3779 celet

173 3795 208 3852 in
220 3795 355 3864 fiammis,
370 3793 449 3868 quod
470 3792 576 3849 stridet
590 3792 621 3847 in
635 3793 736 3867 paenis,
751 3799 782 3850 et
795 3793 875 3869 quod
888 3794 990 3852 horret
1002 3794 1035 3850 in
1047 3796 1180 3853 tenebn's
1192 3819 1200 3855 ε
1221 3800 1274 3859 sed
1286 3798 1370 3857 muni·

173 3873 299 3931 ficentiae
319 3880 379 3930 tus
401 3891 522 3929 munere
545 3878 697 3948 praeventa
717 3882 867 3930 mereatur
889 3874 1012 3932 credere
1030 3873 1182 3950 judicium
1202 3878 1370 3953 ultionis,et

172 3952 266 4010 beatos
280 3952 393 4028 requiei
407 3972 440 4009 ae
454 3952 528 4009 lueis
541 3957 659 4008 cetornae
673 3951 814 4011 felicitate
826 3954 948 4030 perfrui.
990 3953 1048 4012 Per
1062 3954 1228 4017 Christum.

235 4045 307 4101 Alia
322 4044 424 4102 Oratio
439 4064 505 4101 cum
519 4044 652 4101 Oromus.

231 4125 306 4195 Tibi,
323 4124 459 4194 Domine,
474 4124 712 4180 commendamus
731 4124 862 4183 unimam
882 4125 988 4183 famuli
1002 4125 1050 4183 tui
1062 4126 1108 4185 uel
1125 4128 1250 4191 famulis
1262 4138 1321 4191 tue
1332 4128 1366 4189 Ν.

169 4203 207 4262 ut
229 4204 386 4261 defunctus
408 4203 453 4261 oct
473 4203 612 4261 defuncta
634 4203 741 4261 sieculo
764 4206 822 4262 tibi
845 4206 938 4279 vivut,
960 4212 992 4265 et
1014 4226 1081 4283 quse
1103 4226 1160 4283 per
1180 4210 1366 4291 fingilitatem

171 4284 329 4341 mundans
356 4284 586 4340 conversationis
612 4289 732 4358 peecata
758 4284 887 4358 admisit,
916 4292 951 4344 tu
979 4286 1066 4344 venia
1092 4288 1365 4353 misericordissima

210 4363 291 4421 statis
304 4364 445 4439 absterge.
488 4364 547 4420 Per
562 4362 722 4423 Christum.
