2850 4800
155 306 216 370 116
492 303 540 369 In
561 303 683 369 Sancto
707 302 849 370 Sublato
869 304 1014 372 Pascua.

320 558 322 562 7
355 487 461 545 Sancte
476 486 608 564 Gregori,
624 507 675 544 ora
688 507 742 563 pro
756 487 850 546 nobis,

353 584 461 642 Sancte
474 585 496 642 J
497 584 635 656 ohannes,
652 603 703 642 ora
716 603 770 660 pro
783 583 877 641 nobis.

354 681 461 739 Sancte
474 681 623 750 Wilfride,
638 700 690 738 ora
702 701 756 757 pro
769 681 863 740 nobis.

312 780 422 838 Omnes
436 780 531 837 sancti
545 778 739 852 Oonfessores,
754 784 836 837 orate
851 798 903 855 pro
918 779 1010 836 nobis.

355 876 464 934 Sancta
477 875 607 952 Agatha,
623 895 675 933 ora
687 894 742 952 pro
755 876 850 933 nobis.

355 973 464 1031 Sancta
477 974 589 1048 Agnes,
604 992 656 1029 ora
668 991 722 1048 pro
736 972 833 1032 nobis.

355 1069 463 1127 Sancta
477 1068 602 1138 Caecilia,
617 1088 669 1153 ora
682 1088 736 1144 pro
749 1067 844 1125 nobis.

314 1165 424 1223 Omnes
438 1171 546 1222 sanctae
560 1165 709 1240 Virgines,
725 1170 808 1222 orate
820 1184 875 1241 pro
891 1166 986 1223 nobis.

313 1264 423 1322 Omnes
438 1262 548 1336 Sancti,
564 1268 646 1320 orate
659 1281 713 1338 pro
726 1261 819 1320 nobis.

351 1554 449 1630 Kyrie
462 1555 587 1629 eleyson.
631 1553 748 1611 Ohriste
762 1554 886 1630 eleyson.

353 1652 470 1709 Christe
484 1652 555 1708 audi
569 1670 632 1737 nos.

353 1747 462 1805 Sancta
474 1747 571 1823 Virgo
584 1748 743 1823 virginum,
759 1768 810 1806 ora
823 1769 877 1825 pro
892 1749 986 1806 nobis.

354 1843 461 1901 Sancte
475 1845 618 1920 Raphael‚
634 1865 685 1902 ora
698 1864 751 1922 pro
766 1846 862 1903 nobis.

312 1940 422 1998 Omnes
436 1941 531 1998 sancti
544 1942 657 2017 Angcli
670 1947 700 1998 et
713 1941 904 2017 Archangeli,
922 1947 1003 2000 orate
1016 1961 1071 2018 pro
1085 1943 1177 2000 nobis.

311 2037 421 2095 Omnes
434 2039 529 2095 sancti
543 2038 722 2095 Patriarohae
737 2044 767 2095 et
781 2038 946 2114 Prophetae,
964 2043 1046 2096 orate
1059 2058 1113 2115 pro
1126 2038 1219 2097 nobis.

351 2134 459 2192 Sancte
473 2135 697 2206 Bartholomaec,
713 2154 764 2192 ora
778 2155 831 2211 pro
845 2136 940 2194 nobis.

351 2231 458 2288 Sancto
471 2232 493 2289 J
494 2233 591 2302 scobe,
607 2251 659 2289 ora
672 2252 725 2308 pro
739 2232 833 2290 nobis.

351 2329 458 2385 Sancte
472 2329 625 2399 Matthaec,
640 2349 692 2386 ora
704 2349 757 2406 pro
771 2329 867 2388 nobis.

310 2426 421 2484 Omnes
434 2426 529 2482 sancti
543 2425 683 2502 Apostoli
695 2430 726 2482 et
734 2426 947 2503 Evangelistae,
961 2433 1042 2485 orate
1055 2447 1109 2504 pro
1122 2428 1215 2486 nobis.

349 2523 456 2581 Sancte
470 2523 623 2594 Vincenti,
639 2542 691 2579 ora
704 2543 758 2599 pro
772 2524 865 2582 nobis

348 2621 455 2678 Sancte
470 2620 586 2696 Georgi,
601 2640 654 2677 ora
666 2639 720 2696 pro
734 2621 828 2678 nobis.

348 2715 455 2773 Sancte
469 2717 606 2792 Dionysi,
621 2736 689 2773 cum
702 2716 796 2789 sociis,
811 2736 863 2773 ora
875 2737 930 2793 pro
944 2717 1054 2776 nobis'

308 2812 418 2870 Omnes
432 2815 526 2870 sancti
541 2815 700 2890 Martyres,
715 2819 797 2870 orate
810 2833 864 2890 pro
879 2816 972 2873 nobis.

351 2910 458 2967 Sancte
471 2911 651 2986 Augustino,
667 2930 718 2968 ora
731 2930 785 2987 pro
799 2912 894 2969 nobis.

352 3007 459 3064 Sancte
473 3008 633 3080 Willelme,
649 3027 701 3065 ora
714 3028 768 3084 pro
781 3008 877 3065 nobis.

351 3103 457 3160 Sancte
472 3104 644 3176 Outhberte,
661 3124 712 3162 ora-
725 3124 779 3181 pro
792 3104 885 3161 nobis.

311 3198 420 3256 Omnes
434 3201 530 3258 sancti
544 3202 736 3274 Confessores,
752 3208 834 3260 orate
847 3222 901 3279 pro
914 3202 1007 3260 nobis.

350 3295 459 3352 Sancta
473 3296 574 3369 Lucia,
590 3318 641 3354 ora
653 3319 706 3374 pro
719 3299 812 3357 nobis.

351 3391 459 3448 Sancta
473 3394 646 3466 Petronilla,
662 3415 713 3453 ora
725 3415 778 3472 pro
792 3395 884 3454 nobis.

350 3489 458 3546 Sancta
472 3491 494 3548 J
495 3491 604 3562 uliana,
619 3511 671 3548 ora
684 3511 741 3567 pro
750 3492 841 3549 nobis.

308 3585 418 3644 Omnes
432 3594 541 3644 sanctae
555 3589 802 3664 Virgines‘orate
816 3608 869 3665 pro
882 3589 984 3647 nobis:

349 3683 459 3740 Omnes
474 3683 582 3756 Sancti,
599 3689 680 3741 orate
693 3704 747 3760 pro
760 3685 854 3744 nobis,

309 3779 461 3856 Propitius
474 3786 554 3837 esto:
575 3800 660 3856 parce
673 3781 766 3852 nobiS,
782 3780 918 3839 Domine.

305 3877 357 3935 Ab
370 3879 451 3935 omni
465 3878 551 3949 ma10,
566 3877 660 3934 libe'r'a
673 3897 735 3949 nos,
752 3877 895 3935 Domine.

303 3975 355 4032 Ab
367 3975 484 4032 insidiis
497 3974 617 4046 diaboli,
632 3975 725 4032 libera
739 3993 802 4047 nos,
819 3975 956 4032 Domine.
1008 4018 1011 4023 .

303 4071 363 4129 Per
375 4073 550 4148 mysterium
564 4076 673 4128 sanotae
687 4070 904 4128 incarnationis
917 4076 986 4143 tuae,
1001 4069 1095 4128 libera
1107 4088 1170 4142 nos,
1186 4067 1330 4130 Domine.

303 4170 363 4228 Per
376 4170 547 4227 Passionem
561 4174 592 4226 et
606 4169 730 4226 Orucem
743 4173 837 4242 tuam,
852 4169 1019 4241 liberaum,
1037 4169 1178 4227 Domine.

302 4266 361 4324 Per
374 4273 507 4324 sanctam
521 4266 778 4324 Resurrectionem
793 4272 886 4340 tuam,
902 4267 994 4325 libera
1007 4286 1069 4340 nos,
1086 4265 1224 4324 Domine.

301 4364 361 4423 Per
374 4364 579 4422 admirabilem
596 4365 808 4424 Ascensionem
823 4371 915 4438 tuam,
930 4365 1023 4424 libera
1036 4384 1097 4439 nos,
1112 4363 1251 4423 Domine.
