2850 4800
161 271 226 333 182
593 266 643 331 Ia
659 265 781 333 Octava
794 264 940 347 Pacta.

159 456 229 509 ante
250 451 356 510 mundi
375 449 556 529 principium
569 454 600 508 et
613 449 646 506 in
660 448 800 508 saeculnm
820 448 921 507 saeculi
933 447 1006 507 vivo
1018 446 1052 506 in
1065 454 1234 508 aeternum:
1258 447 1375 508 Manus

160 570 241 622 meae,
257 569 323 626 quae
336 569 390 608 vos
402 548 546 620 fecenmt,
566 547 658 606 clavis
677 547 800 605 confixae
821 551 914 619 sunt;
934 551 1058 624 propter
1069 566 1123 605 ros
1135 545 1266 625 flagellis
1281 566 1376 606 emaus

161 666 237 718 sum,
252 645 345 724 spinis
358 651 515 704 coronatus
529 663 613 702 sum·
603 662 742 720 ,aquam
754 644 830 721 petii
842 644 981 722 pendens,
993 649 1025 719 et
1037 649 1155 703 ecetram
1167 650 1375 722 porrexerunt

162 741 195 799 in
217 761 311 800 escam
333 760 448 814 meam,
467 744 603 798 mortuus
623 759 699 813 sum,
722 745 752 797 et
771 739 905 818 sepultus
928 758 1013 813 sum;
1032 739 1191 814 resurrexi,
1213 738 1374 799 vobiscum

161 858 235 898 sum.
278 838 389 896 Videte
389 837 483 915 ,quia
496 835 623 915 egoipse
636 856 712 909 sum,
726 841 757 894 et
771 855 832 895 non
845 842 891 896 est
904 836 988 896 Deua
1000 842 1110 914 praeter
1122 856 1179 896 me.
1213 836 1373 914 Alleluya.

168 934 197 993 V.
220 935 283 1013 Ego
303 954 369 992 sum
388 939 488 992 vestra
506 932 689 1010 redemptio,
713 932 778 1011 Ego
799 952 866 992 sum
887 953 942 991 rex
963 939 1080 1007 rester3
1100 932 1166 1012 Ego
1179 952 1234 993 roe
1247 932 1376 993 resusci

161 1033 253 1093 tabo
243 1053 277 1091 m
290 1033 338 1091 die
351 1032 519 1091 novissimo.
562 1031 683 1092 Videte.

221 1131 262 1190 Ia
275 1131 371 1189 cando
383 1127 628 1206 responsales:
649 1127 734 1186 Sedit
747 1127 878 1205 angelus.

221 1228 271 1285 Act
284 1226 440 1285 introitum
454 1223 547 1284 Ultori
560 1223 810 1302 Rcspmasortum:
832 1224 970 1286 Christus
983 1243 1147 1304 resurgens.

169 1324 197 1383 V.
222 1325 262 1382 In
275 1322 498 1382 resurrectione.

224 1421 333 1481 Oratio.
376 1419 498 1492 Praesta,
513 1436 690 1496 quaesumus.
734 1417 794 1488 Qui
808 1422 917 1477 tecum.

469 1703 572 1763 Fama
591 1704 738 1765 Saeuum
757 1721 791 1763 m
811 1704 1057 1764 Rocnnonnus.

220 1873 397 1932 Notandum
420 1874 499 1951 quod
521 1873 612 1934 Faria
634 1873 761 1935 arcuada
781 1875 816 1933 in
837 1874 1050 1951 maalmam
1072 1874 1108 1934 ia
1130 1876 1369 1938 Procceac'cm'hue

152 1972 243 2047 ficaria
266 1971 386 2046 uectibus
412 1992 432 2030 a
455 1979 513 2032 toto
540 1971 644 2047 Chore,
672 1971 823 2032 Sacerdote
851 1972 1015 2049 incipiente,
1043 1974 1229 2050 securalibus
1256 1976 1368 2037 dictim

160 2066 351 2144 Antiphone:

221 2164 350 2241 Surgit,e
375 2164 480 2238 sancti,
504 2164 541 2223 de
565 2164 767 2224 mansionibus
789 2165 916 2239 vestris,
946 2167 1011 2224 loca
1034 2168 1225 2241 sanctificate,
1251 2169 1367 2248 plebem

159 2255 334 2335 benedicite,
354 2267 385 2319 et
411 2280 465 2320 nos
485 2261 614 2319 humiles
636 2261 835 2339 peccatores
825 2280 859 2319 m
877 2281 949 2338 pace
971 2263 1126 2338 custodite,
1147 2264 1286 2344 alleluya.
1327 2266 1366 2326 In

159 2357 281 2414 nomine
315 2357 440 2415 Domini
473 2356 533 2414 Dei
565 2356 662 2414 nostri
695 2357 922 2431 ambulabimus,
950 2376 1006 2416 nos
1032 2364 1064 2418 et
1091 2361 1189 2420 omnis
1221 2363 1369 2440 populus3

160 2454 300 2531 quoniam
328 2454 365 2512 de
393 2454 466 2512 Sion
500 2453 594 2511 exibit
628 2453 688 2525 lex,
717 2459 748 2513 et
775 2454 901 2512 verbum
935 2454 1061 2514 Domini
1093 2455 1131 2515 de
1164 2457 1365 2520 Hierusalem.

160 2552 312 2629 Regnabit
326 2551 474 2611 Dominus
486 2551 521 2608 in
534 2556 688 2627 aeternum,
702 2551 839 2630 alleluya.

165 2649 197 2710 V.
221 2651 268 2708 De
288 2649 479 2709 Hierusalem
503 2655 615 2708 exeunt
634 2649 777 2728 reliquiae,
799 2656 830 2711 et
850 2650 976 2710 salvatio
993 2651 1029 2710 de
1046 2659 1150 2712 monte
1169 2652 1261 2730 Sion3
1281 2674 1367 2735 prop-

159 2754 240 2808 terea
253 2749 397 2826 protectio
415 2747 474 2806 erit
493 2747 564 2806 huic
584 2747 708 2820 civitati,
723 2754 754 2807 et
767 2749 934 2809 salvabitur
954 2756 1076 2828 propter
1093 2751 1196 2812 David
1218 2753 1367 2813 famulum

160 2847 233 2921 ejus,
259 2844 394 2922 alleluya.
443 2844 544 2917 Parce,
573 2844 711 2918 Domine,
744 2865 831 2923 parce
861 2847 974 2924 populo
1008 2853 1062 2906 tuo
1085 2867 1175 2926 quem
1203 2849 1366 2923 redemisti,

161 2941 287 3013 Ohm'ste,
310 2940 452 3018 sanguine
475 2946 538 3014 tuo,
570 2946 602 3000 et
620 2960 682 3000 non
709 2942 743 3000 in
774 2948 920 3002 aeternum
941 2944 1077 3003 irascaris
1099 2945 1195 3018 nobis,
1225 2946 1366 3027 alleluya,

160 3036 298 3113 alleluya.

165 3132 196 3193 V.
220 3133 400 3208 iniquitates
416 3138 534 3207 nostrae,
550 3134 687 3210 Domine,
701 3135 907 3213 multiplicatae
929 3143 1002 3196 sunt
1024 3157 1114 3218 super
1132 3139 1231 3218 capita
1244 3147 1367 3216 nostru

159 3229 268 3288 delicta
281 3233 383 3287 nostra
396 3236 553 3287 crevertmt
566 3250 659 3307 usque
672 3231 711 3289 ed
724 3232 828 3306 caelos;
848 3253 944 3310 parce,
957 3234 1096 3308 Domine,
1108 3240 1140 3294 et
1151 3235 1265 3296 ineline
1277 3257 1367 3316 super

160 3345 213 3385 nos
251 3323 481 3383 misericordiam
516 3330 609 3398 tuam,
646 3327 784 3405 alleluya.
834 3330 1064 3390 Inundaverunt
1099 3351 1194 3409 aqum,
1225 3333 1366 3408 Domine,

160 3440 248 3498 super
260 3421 358 3498 capit-a
376 3425 479 3478 nostra
488 3439 498 3492 3
517 3419 721 3483 invocabimus
741 3444 851 3484 nomen
872 3431 960 3485 tuum
980 3426 1017 3487 de
1037 3426 1104 3487 lecu
1125 3426 1288 3490 novissimo
1297 3451 1307 3505 ;
1327 3451 1367 3491 ne

159 3523 276 3576 avertas
289 3516 395 3575 faciem
408 3521 492 3576 tuam
505 3517 640 3596 singultu
653 3525 765 3594 nostro,
779 3521 917 3600 alleluya.

220 3630 243 3688 I
242 3640 297 3691 bnt
311 3631 373 3690 aliu
385 3630 557 3709 Araiyrlcoau
569 3632 604 3691 ia
617 3632 712 3693 cundo
725 3635 898 3694 cantanda:

213 3959 861 4040 Ex-sm·ge,Do·mi·nc,ad·ju·ra
935 3979 1000 4035 nos,
1034 3968 1066 4021 et
1124 3962 1297 4024 li-be-ra

132 4392 135 4401 Ι
190 4330 574 4406 nospronternomen
661 4329 800 4384 tu-um.
852 4324 920 4383 Al·
959 4325 1019 4386 le·
1079 4326 1137 4387 lu·
1170 4362 1181 4374 ·
1213 4362 1225 4376 -
1257 4349 1306 4408 ya.
