2866 4846
113 290 197 354 198·
330 286 477 355 Ordines
495 284 675 352 Uediouis
687 286 852 350 Extrema
864 288 894 350 ιι
908 283 1106 370 Sepulturoe.

108 458 201 529 atque
221 452 261 511 ad
286 453 442 511 dexteram
468 472 554 511 suam
585 453 619 511 in
645 451 807 510 electorum
830 455 953 510 tuorum
975 456 1008 509 te
1035 455 1117 509 sorte
1147 452 1326 511 constituat.

110 532 344 611 Redemptorem
364 539 452 592 tuum
464 534 539 592 facie
558 534 597 591 ad
609 533 716 590 faciem
733 532 844 604 videas,
859 537 891 590 et
909 550 1039 608 praesens
1051 551 1169 609 semper
1187 533 1328 591 assistens

1 674 4 679 ⁴
110 614 383 671 manifestissimam
392 614 488 672 beatis
500 614 594 672 oculis
606 614 732 689 aspicias
741 613 909 672 veritatem.
939 611 1131 671 Constitutus
1143 613 1242 690 igitur
1250 612 1328 671 inter

111 694 232 771 agmina
247 695 404 753 beatorum
422 693 682 772 contemplationis
703 693 826 751 Divina
846 692 1004 751 dulcedine
1023 692 1150 770 potiaris
1168 694 1204 751 in
1223 693 1329 753 saecula

112 775 297 833 saeculorum.

177 855 313 914 Oremus.

176 935 308 1013 Suscipe,
320 936 459 1009 Domine,
470 955 590 994 servum
602 940 690 993 tuum
704 933 738 992 in
750 934 864 992 bonum
877 934 976 993 locum
988 934 1142 1011 sperandae
1155 933 1329 994 salvationis

115 1014 173 1073 sibi
196 1036 214 1074 a
235 1017 437 1074 misericordia
459 1021 521 1074 tua.
574 1016 692 1088 Libera,
713 1023 741 1074 ιι
764 1024 857 1073 ιιιιιι
875 1023 911 1089 ιιι
930 1034 1033 1091 supra,
1046 1034 1076 1093 p.
1092 1016 1133 1073 56
1144 1032 1156 1089 3
1177 1016 1288 1091 midinp
1299 1019 1330 1072 et

114 1095 194 1153 sicut
207 1097 409 1155 beatissimam
418 1096 538 1155 Teclam
544 1096 692 1173 virginem
702 1101 734 1154 et
743 1102 906 1172 martyrem
914 1101 1001 1153 tuam
1013 1096 1051 1154 de
1059 1095 1160 1153 tribus
1171 1094 1329 1154 tormentis

116 1176 310 1234 atrocissimis
327 1176 471 1248 liberasti,
485 1176 528 1234 sic
547 1177 641 1234 libera
654 1176 786 1234 animam
806 1176 885 1234 servi
899 1176 947 1234 tui
967 1175 1059 1253 hujus
1081 1182 1114 1234 et
1125 1182 1228 1234 tecum
1240 1175 1329 1234 facias

115 1256 150 1313 in
163 1257 251 1314 bonis
263 1257 446 1334 congaudere
459 1257 633 1315 caelestibus.
676 1256 761 1333 Resp.
782 1256 892 1315 Amen.

181 1336 316 1395 Oremus.

180 1414 429 1476 Commendamus
442 1418 508 1490 tibi,
524 1417 663 1490 Domine,
676 1418 808 1476 animam
820 1417 928 1475 famuli
939 1416 989 1474 tui
1000 1416 1052 1490 N,
1061 1435 1278 1494 precamurque
1289 1421 1329 1489 te,

118 1494 142 1555 J
142 1515 195 1555 esu
208 1495 336 1571 Oh1iste,
351 1499 483 1556 salvator
496 1499 612 1572 mundi,
625 1505 662 1555 ut
674 1504 797 1575 propter
810 1518 901 1575 quam
916 1497 957 1555 ad
970 1503 1082 1556 terram
1099 1496 1332 1556 misericorditer

119 1577 298 1637 descendisti
324 1579 561 1655 patriarcharum
578 1585 701 1637 tuorum
721 1580 836 1636 sinibus
856 1578 1010 1636 insinuare
1028 1596 1092 1636 non
1110 1596 1229 1637 renuas.
1270 1577 1333 1654 Ag·

119 1677 216 1730 nosce,
231 1659 369 1732 Domine,
385 1666 551 1718 creaturam
565 1666 651 1717 tuam
663 1680 726 1717 non
739 1679 778 1717 ex
791 1658 849 1717 diis
861 1658 967 1717 alienis
979 1664 1120 1733 creatam,
1130 1658 1183 1717 sed
1192 1678 1213 1716 a
1221 1664 1253 1717 te
1265 1658 1332 1717 Deo

119 1739 191 1798 vivo
204 1745 235 1797 et
249 1759 328 1812 vero,
350 1742 421 1818 quia
440 1760 502 1798 non
521 1746 569 1799 est
587 1740 665 1798 alius
686 1740 770 1797 Deus
792 1745 902 1817 praeter
920 1744 960 1813 te,
982 1738 1123 1813 Domine,
1147 1744 1180 1797 et
1202 1758 1265 1798 non
1286 1744 1332 1798 est

121 1820 284 1879 seormdum
297 1841 387 1898 opera
406 1828 467 1879 tua.
510 1821 652 1892 Laetifica,
666 1820 804 1893 Domine,
819 1820 951 1878 animam
964 1820 1030 1897 ejus
1041 1820 1077 1877 in
1087 1826 1248 1897 conspectu
1261 1825 1333 1892 tuo;

121 1906 152 1958 ct
165 1920 204 1958 ne
217 1902 388 1961 memineris
400 1902 599 1978 iniquitatum
612 1902 677 1978 ejus
690 1901 885 1977 antiquarum
904 1906 936 1959 et
956 1901 1138 1959 ebrietatum
1157 1920 1233 1977 quas
1244 1899 1334 1959 susci·

121 1982 201 2039 tavit
221 1982 321 2040 fervor
344 1983 418 2040 mali
444 1983 600 2042 desiderii:
629 1982 701 2040 licet
726 1982 808 2039 enim
835 1982 1012 2059 peccaverit,
1033 1987 1138 2041 tamen
1156 1981 1282 2039 Patrem
1302 1986 1335 2039 et

122 2061 235 2119 Filium
249 2068 280 2120 et
294 2063 439 2140 Spiritum
456 2063 599 2122 Sanctum
619 2082 681 2121 non
699 2062 830 2139 negavit,
846 2062 898 2120 sed
913 2062 1049 2135 credidit,
1068 2068 1101 2120 et
1117 2062 1215 2120 nelum
1229 2061 1290 2121 Dei
1300 2061 1334 2119 in

121 2147 153 2200 te
166 2142 281 2214 habuit,
297 2150 328 2201 et
342 2145 508 2202 Dominum
522 2145 576 2221 qui
588 2143 661 2202 fecit
674 2144 775 2201 onmia
788 2143 933 2201 adoravit.
976 2142 1062 2219 Recp.
1084 2142 1197 2201 Amen.

183 2222 303 2281 Delicta
312 2224 482 2300 juventutis
495 2230 527 2283 et
550 2224 735 2302 ignorantias
748 2224 817 2300 ejus·
832 2242 932 2300 quaeso
944 2242 984 2281 ne
1002 2222 1183 2297 memineris,
1195 2222 1334 2295 Domine,

122 2302 175 2361 sed
197 2303 361 2362 secundum
374 2305 606 2364 misericordiam
618 2310 704 2363 tuam
722 2323 837 2363 memor
855 2310 920 2362 esto
932 2303 1015 2362 illius
1027 2304 1062 2361 in
1074 2303 1171 2379 gloria
1190 2303 1335 2362 claritatis

123 2390 205 2457 tuae,
225 2385 399 2460 aperiantur
421 2386 450 2444 ei
481 2386 546 2445 caeli
554 2406 564 2459 3
598 2386 785 2445 collaetentur
807 2385 838 2442 ei
859 2383 966 2462 angeli.
1018 2384 1060 2442 In
1084 2402 1213 2461 mgnum
1238 2390 1333 2455 tuum,

122 2464 261 2538 Domine,
271 2485 390 2523 servum
398 2473 487 2524 tuum
496 2467 617 2543 suscipe.
641 2466 867 2543 Suscipiateum
875 2464 1335 2542 sanctusMichaelarchangelus

124 2544 192 2619 Dei,
204 2546 258 2622 qui
271 2547 387 2605 militiae
400 2547 524 2605 caelestis
537 2547 648 2605 meruit
660 2546 868 2624 principatum.
901 2546 1037 2604 Veniant
1050 2544 1097 2602 illi
1109 2544 1231 2605 obviam
1243 2545 1338 2603 sancti

124 2626 224 2704 angeli
234 2627 302 2699 Dei,
314 2634 345 2685 et
355 2629 519 2704 perducant
529 2647 597 2686 eum
607 2628 641 2685 in
650 2627 805 2685 civitatem
815 2626 963 2685 caelestem
973 2625 1174 2685 Hierusalem
1189 2626 1338 2703 Suscipiat

125 2725 194 2764 eum
208 2706 312 2765 beatus
327 2708 435 2767 Petrus
448 2709 608 2786 apostolus,
618 2708 668 2766 cui
678 2728 696 2766 a
706 2708 772 2766 Deo
783 2707 879 2766 claves
891 2707 978 2785 regni
989 2706 1115 2765 caelestis
1123 2706 1246 2765 traditis
1258 2712 1336 2765 sunt

124 2787 261 2864 Adjuvet
275 2808 344 2847 eum
357 2795 478 2849 sanctus
491 2790 613 2862 Paulus,
628 2789 681 2866 qui
694 2788 801 2865 dignus
820 2788 880 2846 fuit
895 2806 958 2847 esse
970 2806 1024 2847 vas
1036 2786 1200 2847 electionis.
1243 2786 1339 2845 Inter-

125 2869 211 2926 cedat
223 2888 277 2945 pro
297 2889 333 2927 eo
351 2877 471 2929 sanctus
488 2871 511 2929 J
512 2870 652 2941 ohannes,
671 2869 782 2927 electus
800 2869 860 2927 Dei
878 2868 1037 2946 apostolus,
1052 2868 1103 2926 cui
1119 2866 1255 2927 revelata
1267 2874 1338 2927 sunt

125 2955 238 3008 secreta
251 2950 388 3011 calestia.
431 2951 528 3010 Orent
540 2970 595 3027 pro
612 2969 648 3008 eo
664 2969 766 3008 onmes
785 2950 883 3009 sancti
900 2948 1036 3024 apostoli,
1051 2949 1163 3027 quibus
1174 2968 1195 3007 a
1206 2948 1340 3007 Domino

125 3029 197 3088 data
220 3036 266 3088 est
287 3037 418 3125 potestas
441 3032 555 3108 ligandi
579 3037 670 3107 atque
693 3030 835 3089 solvendi.
891 3029 1162 3123 Intercedantpro
1181 3048 1218 3088 eo
1237 3048 1340 3087 omncs

126 3110 224 3168 sancti
246 3113 300 3188 qui
317 3131 375 3205 pro
386 3111 501 3170 Christi
523 3113 645 3170 nomine
669 3131 707 3169 en
729 3111 786 3170 hoc
805 3111 892 3169 saeclo
911 3114 1063 3169 tormenta
1081 3109 1292 3184 sustinuerint,
1306 3116 1341 3167 ut

126 3190 254 3249 vinculis
278 3192 392 3249 carneis
416 3199 526 3251 exutus
549 3192 705 3270 pervenire
727 3198 878 3250 mereatur
896 3191 937 3249 ad
952 3190 1079 3269 gloriam
1097 3190 1185 3267 regni
1203 3190 1338 3251 calestia.

127 3270 296 3329 Praestante
309 3271 440 3329 Domino
454 3280 565 3332 nostro.
608 3273 759 3343 Quicum.

187 3350 224 3410 Si
237 3351 342 3409 amsmt
342 3371 381 3408 m·
331 3352 491 3412 ιιιιιῘιιιι
504 3353 617 3425 amima,
633 3354 775 3412 dicantur
787 3352 821 3411 m·
833 3351 972 3411 Psalmi:

130 3511 149 3591 (
190 3431 279 3490 Beati
294 3432 480 3491 immaculati
500 3399 635 3513 (cccciii)
654 3454 746 3511 ecque
766 3434 807 3493 ad
830 3433 883 3491 Ad
904 3432 1070 3492 Dominum
1089 3450 1161 3491 cum
1179 3432 1343 3491 tribularer

150 3511 244 3590 mix)

189 3594 317 3670 Epressc
329 3595 545 3654 αιιιιιιιιιιιιι
559 3597 594 3654 ιιι
608 3614 723 3672 corpore
736 3570 921 3654 dicotsrlroc
933 3592 1034 3671 Resp..·
1054 3591 1223 3651 Subvenite
1245 3592 1344 3653 sancti

132 3674 200 3735 Dei.
249 3675 294 3734 Va
320 3676 478 3752 Suscipiat
524 3676 608 3752 Resp.
631 3676 779 3754 Requiem
802 3681 952 3734 aeternam
1002 3673 1119 3733 Deinde
1140 3672 1242 3751 Kyrie
1267 3674 1347 3751 eley-

132 3775 193 3815 son.
238 3755 357 3815 Ohriste
392 3758 518 3834 eleyson.
562 3757 661 3833 Kyrie
687 3757 814 3833 eleyson.
877 3755 971 3814 Pater
992 3758 1104 3813 noster.
1146 3752 1190 3813 lit
1215 3772 1256 3813 ne
1281 3772 1344 3813 nos.

136 3837 180 3896 Va
204 3836 352 3914 Requiem
372 3843 522 3896 aeternam
575 3838 620 3897 Va
643 3838 676 3895 A
695 3842 783 3914 porta
801 3836 898 3895 inferi.
948 3835 992 3896 Vs.
1015 3833 1228 3913 Requiescat
1216 3854 1252 3893 ιιι
1263 3852 1344 3913 pace.

131 3917 262 3977 Domine
276 3919 392 3976 exaudi.
434 3919 583 3977 Dominus
596 3918 758 3976 vobiscum.

194 3997 325 4059 Oratio.
341 3998 419 4072 Tibi,
441 3999 580 4073 Domine,
600 3998 840 4058 commendamus
861 3997 1002 4070 animam,
1025 4004 1053 4057 et
1076 4004 1169 4056 cetere
1185 4004 1224 4055 ιιι
1240 4014 1344 4075 erepta,

132 4097 160 4156 p
195 4158 401 4233 Tmmcsratres
413 4159 520 4235 quibus
529 4169 710 4237 preceptum
725 4166 766 4217 ιιι
783 4158 881 4218 tamem
896 4176 1003 4235 corpus
1015 4155 1088 4234 eiua
1108 4164 1137 4217 ct
1150 4164 1257 4235 postea
1271 4156 1347 4244 ιιιιι·

130 4239 228 4298 dumet
241 4260 307 4298 eum
322 4241 462 4335 tunicam,
477 4240 629 4317 cinysium
642 4250 668 4300 ιι
681 4241 817 4299 bracem:
837 4247 864 4297 ιι
874 4244 994 4315 portent
1005 4256 1073 4297 ιιιιιι
1084 4236 1121 4295 in
1128 4236 1253 4313 feretro,
1271 4246 1300 4297 et
1313 4236 1348 4297 'es

125 4328 270 4413 praecepto
290 4321 420 4395 majoris,
435 4322 598 4380 mnoomtis
617 4317 920 4397 omuibusfiatribms,
933 4326 1010 4380 stent
1022 4317 1186 4379 ordinate
1170 4338 1208 4379 ιιι
1220 4316 1348 4379 circuitu

120 4398 255 4474 feretri
235 4409 329 4477 pecte
342 4401 562 4479 dispositionem
575 4401 706 4479 majoris
