2850 4800
144 268 295 335 Maneat
312 265 421 351 Offiees
436 265 533 352 froin
547 263 599 330 tite
612 263 780 350 Hereford
792 261 970 348 Breviary.

525 482 595 547 ΙΙΙ.

260 622 472 682 OFFICIUM
492 621 577 678 PRO
598 617 852 677 DEFUNOTIS.

18 766 196 841 Antiphone.
241 764 367 820 Plaeobo
382 761 520 819 Domina.

20 847 167 905 Psatmus.
210 844 323 901 Dilexi.

19 926 199 1001 Antiphone.
244 924 315 980 Heu
328 942 375 980 me
390 923 461 999 quia
473 921 627 980 incolatus.

20 1008 166 1065 Psatneus.
209 1005 260 1061 Ad
276 1004 447 1060 Dominum.

19 1087 199 1162 Antipliona.
243 1084 391 1141 Dominus
405 1082 536 1141 custodit
549 1086 588 1139 te.

21 1169 167 1226 Psalmus.
211 1165 331 1222 Levavi.

21 1248 200 1322 Antiplrona.
244 1246 277 1302 si
295 1244 478 1318 iniquitates.

22 1329 169 1386 Psalrnus.
214 1326 260 1382 De
274 1325 434 1401 profundis.

22 1408 201 1483 Antiphona.
246 1407 344 1481 Opera
357 1425 507 1462 manuum.

23 1490 168 1546 Psalnsus.
213 1488 382 1544 Oonfitebor
395 1486 436 1541 iii.

22 1569 201 1643 Antiphone
244 1567 361 1623 Audivi
375 1585 484 1624 vocem.

25 1649 169 1707 Psatmus.
213 1647 394 1723 Magnificat.

22 1730 112 1787 Dicta
127 1728 305 1803 Antiphone.
348 1726 464 1783 Audivi
484 1745 586 1784 vocem
601 1735 669 1802 post
681 1726 840 1786 Psatmune
860 1727 1043 1807 Magnifiest
1059 1727 1089 1787 di

6 1811 101 1869 alueus
115 1810 218 1866 Lauda
230 1810 330 1865 anima
343 1829 409 1866 cum
425 1806 613 1866 Orationibus
624 1816 659 1865 ut
672 1809 809 1883 sequitur.

23 1891 161 1965 Sifuerit
176 1891 276 1962 obitus,
293 1898 362 1946 tune
376 1889 515 1945 dieantur
527 1899 671 1962 sequentes
686 1889 860 1949 Orationes:

26 1972 135 2030 Oratio.
179 1972 270 2042 DeuS,
285 1969 539 2046 indulgentiarum
554 1970 690 2028 Domine.

26 2053 135 2110 Oratio.
179 2051 270 2120 Deus,
286 2051 338 2125 qui
352 2051 431 2106 inter
444 2050 640 2125 Apostolioos.

26 2133 135 2190 Oratio.
180 2130 327 2187 Fidelium
343 2132 425 2187 Deus
439 2131 580 2188 omnium.
624 2130 683 2200 Qui
696 2129 782 2188 vivis.

24 2213 59 2271 Si
72 2210 237 2285 nonsuerit
250 2212 352 2282 obitus,
369 2220 438 2268 tuno
451 2211 590 2268 dicantur
603 2220 747 2286 sequentes
762 2209 937 2271 Orationes:

28 2293 137 2351 Oratio.
182 2293 272 2363 Deus,
288 2292 341 2366 qui
357 2292 436 2348 inter
449 2291 643 2367 Apostolieos.

27 2374 137 2431 Oratio.
181 2373 375 2447 Omnipotens
393 2373 570 2449 sempiterne
584 2373 674 2444 Deus,
689 2372 737 2430 eui
749 2391 914 2448 nunquam.

28 2454 138 2512 Oratio.
182 2453 330 2509 Fidelium
345 2453 427 2509 Deus
442 2454 582 2509 omnium.

26 2533 165 2608 Sifuerit
179 2553 423 2608 eorpuspraesens,
435 2534 575 2591 dieantur
587 2541 732 2608 sequentes
747 2531 921 2591 Orationes:

29 2616 138 2673 Oratio.
183 2614 378 2688 Omnipotens
392 2614 569 2690 sempiterne
583 2614 673 2686 Deire,
689 2614 736 2670 eui
750 2631 914 2688 nunquam.

30 2696 139 2755 Oratio.
183 2695 274 2764 Deus,
290 2693 342 2770 qui
354 2695 434 2751 inter
448 2694 643 2770 Apostolioos

29 2777 137 2836 Oratio.
182 2774 339 2845 Fidelium,
356 2776 437 2832 Deus
451 2775 591 2832 omnium.

27 2857 68 2915 In
82 2856 243 2913 Laudans.
288 2853 426 2928 Sisinrit
439 2856 542 2928 obitus,
557 2855 696 2915 dieantur
708 2861 854 2929 sequentes
869 2852 1045 2913 Orationes:

30 2937 139 2996 Oratio.
183 2937 304 3007 Praesta²
320 2955 495 3010 quaesumus,
509 2937 637 2994 Domine
651 2941 686 2992 ut
699 2936 807 3006 anima,
821 2953 849 3010 p.
867 2931 932 2992 80³⁶.

31 3017 140 3076 Oratio.
185 3017 275 3087 Deus,
291 3017 376 3091 cujus
392 3017 606 3089 misericordiae,
620 3038 649 3094 p.
664 3015 728 3075 73³⁶.

31 3097 139 3155 Oratio.
182 3098 360 3169 Animabus
376 3117 552 3173 quaesumus
567 3098 702 3155 Domine.

29 3177 64 3235 Si
77 3176 240 3250 nonfuerit
254 3178 356 3248 obitus,
372 3187 440 3235 tuno
456 3179 595 3235 dicantur
608 3184 753 3253 sequentes
767 3173 921 3234 Orationes
931 3198 941 3234 .-

31 3257 140 3316 Oratio.
184 3257 275 3328 Deus
291 3259 375 3334 eujus
389 3258 603 3316 misericordiae.

31 3337 139 3396 Oratio.
183 3338 303 3410 Praesta,
319 3357 492 3414 quaesumus,
509 3339 694 3414 omnipotens
708 3336 798 3409 Deire,
814 3341 850 3393 ut
862 3338 1005 3410 animam,
1021 3357 1050 3414 p.
1069 3335 1086 3397 7

31 3418 140 3476 Oratio.
184 3419 360 3491 Animabus‚
375 3438 552 3493 quesumus,
567 3419 702 3477 Domine.

29 3498 166 3572 Sifuerit
181 3520 283 3574 corpus
291 3518 430 3574 presens,
446 3509 515 3556 tune
528 3499 667 3556 dicantur
679 3503 823 3573 sequemes
838 3496 1014 3557 Orationes:

30 3580 140 3638 Oratio.
183 3581 304 3651 Praesta,
321 3599 496 3654 quaesumus,
512 3580 698 3655 omnipotens
712 3578 803 3649 Deus,
818 3583 855 3636 ut
868 3580 1001 3636 animan.

32 3660 141 3719 Oratio.
185 3661 277 3731 Beue,
292 3661 375 3735 cujus
388 3660 601 3719 misericordiae.

32 3741 143 3799 Oratio.
185 3741 363 3810 Anunabus,
379 3760 556 3816 quaesumus,
573 3738 710 3797 Domine.

28 3822 89 3878 Pro
104 3842 220 3897 corpore
229 3820 522 3896 prasentisfeniinae.

31 3902 141 3961 Oratio.
185 3902 368 3972 Quaesumus,
386 3902 524 3972 Domine,
538 3921 592 3977 pro
605 3906 659 3957 tua
672 3899 791 3976 pietate.

30 3983 71 4042 In
79 3983 240 4043 Laudibus.
264 3983 375 4041 Oratio.
397 3983 519 4054 Praesta,
532 4000 708 4058 quaesumus,
718 3980 906 4056 omnipotens
916 3979 1013 4054 Deus,
1025 3988 1085 4040 uts

437 4111 491 4167 An
513 4110 710 4170 Merurmns

31 4211 81 4270 Ae
100 4209 269 4268 Matutinus
282 4226 345 4266 uero
360 4227 416 4283 per
429 4227 544 4264 annuns
556 4207 675 4282 quando
688 4209 729 4281 fit
742 4205 894 4265 servitium
913 4218 1084 4267 mortuorur

1 4291 88 4364 nitur,
104 4291 240 4362 Domine,
256 4289 334 4346 labia
353 4308 404 4346 nee
425 4288 507 4345 Deus
527 4288 560 4344 in
580 4287 762 4364 adjutorium
771 4307 780 4361 3
800 4287 850 4346 sed
868 4286 923 4362 qai
937 4289 1084 4364 primun

20 4374 121 4432 ordine
134 4371 258 4447 incipiat
271 4369 441 4427 Matutinus
455 4368 506 4427 hoe
519 4368 623 4428 modo:
