2850 4800
189 324 231 387 04
566 318 740 405 Ersaqaioe
761 317 1016 404 Defaactorara.

248 501 347 578 Kyrie
360 501 485 578 eleyson.
530 502 648 560 Christe
661 502 787 578 eleyson
831 501 929 577 Kyrie
943 500 1072 576 eleyson.

248 608 340 665 Pater
353 612 461 665 noster.

247 715 386 774 Psaimas
400 714 485 794 (cclv.
490 713 508 792 )

247 811 359 884 Lauda,
371 813 472 870 anima
485 831 551 869 mea
559 809 733 882 Dominum,
743 809 870 868 laudabo
879 809 1044 867 Dominum
1057 810 1091 867 in
1098 809 1162 868 vita
1173 830 1254 871 mea:
1268 810 1382 889 psallam
1418 780 1425 861 i

186 909 252 968 Deo
265 927 331 966 meo
346 910 488 986 quamdiu
502 909 593 965 fuera.
1418 882 1425 929 ³

246 1015 352 1073 Nolite
365 1016 510 1073 confidere
523 1016 556 1071 in
569 1014 752 1091 principibus
766 1035 772 1072 :
793 1014 826 1071 in
839 1013 909 1071 filiis
922 1013 1085 1087 hominum,
1101 1014 1135 1071 in
1148 1013 1259 1091 quibus
1271 1033 1331 1073 non
1342 1019 1380 1073 est

187 1111 274 1170 salus

246 1217 352 1275 Exibit
377 1218 500 1296 spiritus
527 1219 599 1294 ejus,
628 1224 659 1276 et
685 1222 853 1275 revertetur
879 1216 912 1273 in
938 1221 1049 1273 terram
1076 1235 1180 1275 suam:
1201 1216 1235 1274 in
1262 1216 1315 1275 illa
1338 1215 1385 1275 die

183 1314 326 1394 peribunt
339 1334 440 1372 omnes
454 1314 647 1391 cogitationes
661 1333 771 1372 eorum.

245 1420 356 1478 Beatus
380 1422 463 1496 cujus
485 1421 568 1477 Deus
589 1420 683 1477 Jacob
705 1419 823 1496 adjutor
847 1419 918 1494 ejus,
943 1438 1009 1494 spes
1032 1419 1096 1495 ejus
1120 1419 1152 1476 in
1173 1419 1305 1478 Domino
1324 1418 1384 1479 Da

182 1518 275 1595 ipsius
289 1539 295 1575 :
318 1518 370 1593 qui
383 1517 454 1574 fecit
468 1518 572 1575 caelum
586 1523 617 1574 et
630 1523 748 1588 terram,
765 1535 854 1587 mare,
870 1521 901 1573 et
921 1516 1029 1587 omnia,
1044 1535 1109 1592 quae
1123 1515 1213 1574 ineis
1227 1521 1306 1575 sunt

244 1624 305 1693 Qui
323 1624 453 1681 custodit
466 1625 623 1681 veritatem
643 1624 675 1680 in
689 1623 837 1695 saeculum,
852 1622 924 1680 facit
940 1622 1087 1698 judicium
1101 1621 1245 1698 injuriam
1265 1622 1383 1701 patient·

181 1721 269 1781 ibus:
290 1719 342 1776 dat
355 1739 449 1778 escam
464 1720 680 1780 esurientibus„

242 1823 389 1880 Dominus
403 1822 492 1880 solvit
506 1824 685 1899 compeditos
699 1844 705 1881 :
727 1823 874 1880 Dominus
887 1823 1039 1880 illuminat
1052 1843 1148 1882 caecos.

243 1919 391 1977 Dominus
405 1920 493 1995 erigit
507 1920 611 1977 elisos:
632 1919 780 1977 Dominus
794 1919 892 1996 diligit
902 1922 1007 1995 justos.

241 2022 389 2080 Dominus
413 2023 543 2081 custodit
566 2023 703 2096 advenas,
729 2023 876 2100 pupillum
899 2030 929 2082 et
949 2025 1071 2082 viduam
1091 2025 1248 2102 suscipiet:
1272 2032 1305 2086 et
1326 2027 1387 2087 vias

179 2125 366 2198 peccatorum
380 2119 540 2196 disperdet.

240 2225 391 2302 Regnabit
411 2226 560 2283 Dominus
579 2226 612 2282 in
633 2226 740 2284 saecula
760 2227 843 2285 Deus
863 2233 941 2300 tuus,
958 2227 1048 2286 Sion:
1071 2229 1104 2286 in
1116 2231 1341 2307 generationem
1358 2239 1388 2292 ct

178 2324 409 2400 generationem.

238 2431 387 2506 Requiem
402 2436 544 2488 aeternam
558 2430 636 2489 dona
651 2432 702 2503 eis,
717 2429 866 2489 Domine:

238 2527 280 2585 Et
293 2527 348 2584 lux
361 2534 507 2603 perpetua
519 2528 619 2584 luceat
633 2527 683 2584 eis.

238 2624 334 2681 Credo
347 2623 450 2680 videre
463 2623 542 2680 bona
557 2623 700 2680 Domini:

236 2722 277 2780 In
290 2726 371 2778 terra
383 2721 561 2778 viventium.

235 2817 269 2874 A
282 2822 370 2892 porta
383 2816 473 2873 inferi
489 2837 495 2874 :

236 2914 325 2985 Erue,
342 2912 480 2983 Domine,
497 2912 611 2970 animas
625 2930 734 2970 eorum.

235 3007 386 3066 Dominus
400 3008 563 3066 vobiscum.

235 3109 277 3166 Et
290 3127 359 3165 cum
372 3107 481 3182 spiritu
495 3114 556 3165 tuo.
601 3106 735 3166 Oramus.

233 3205 295 3263 Pro
309 3205 445 3280 episcopo.
489 3202 600 3262 Oratio.

233 3303 325 3376 Deus,
351 3303 405 3378 qui
431 3302 512 3359 inter
538 3301 714 3378 apostolicos
741 3302 906 3360 sacerdotes
932 3303 1079 3362 famulum
1107 3311 1194 3364 tuum
1220 3308 1388 3384 pontificali

169 3400 268 3461 fecisti
281 3400 429 3476 dignitate
447 3399 568 3472 censeri,
590 3405 707 3476 praesta,
723 3419 900 3476 quaesumus,
916 3407 951 3459 ut
972 3422 1100 3480 quorum
1112 3405 1208 3463 vicem
1228 3406 1268 3465 ad
1280 3407 1387 3468 horam

170 3500 292 3578 gerebat
304 3498 338 3555 in
352 3498 449 3568 terris,
464 3517 565 3555 eorum
579 3504 723 3575 perpetuo
737 3501 884 3558 consortio
901 3500 1020 3559 laetetur
1033 3502 1066 3560 in
1080 3503 1166 3564 caelis.
1210 3503 1270 3563 Per
1283 3507 1388 3565 Domi-

170 3617 244 3657 num
258 3602 396 3653 nostrum
409 3596 431 3653 J
433 3615 516 3653 esum
531 3596 694 3657 Christum.

230 3695 292 3753 Pro
306 3694 457 3753 sacerdote.
503 3692 615 3754 Oratio.

231 3791 428 3869 Omnipotens
450 3791 630 3866 sempiterne
653 3792 744 3864 Deus,
766 3792 815 3850 cui
835 3812 991 3869 nunquam
1013 3795 1078 3852 sine
1101 3815 1153 3872 spe
1174 3795 1384 3857 misericordia

168 3891 362 3968 supplicatur,
373 3888 537 3967 propitiare
547 3889 654 3946 animae
667 3888 775 3947 famuli
785 3889 833 3947 tui
846 3890 1015 3964 sacerdotis,
1027 3898 1063 3950 ut
1076 3892 1130 3970 qui
1147 3891 1184 3950 de
1201 3893 1257 3952 hac
1271 3894 1338 3954 vita
1350 3896 1383 3954 in

168 3988 215 4046 tui
238 3987 369 4044 nominis
389 3984 571 4043 confessione
595 3983 729 4054 decessit,
750 3990 923 4042 sanctorum
943 3991 1066 4046 tuorum
1089 3990 1123 4045 in
1144 4008 1270 4050 numero
1292 3992 1384 4051 facias

167 4084 329 4162 aggregari.
373 4083 433 4141 Per
448 4082 614 4140 Dominum
627 4086 765 4138 nostrum
778 4082 800 4139 J
802 4101 894 4140 esum.

227 4182 288 4239 Pro
301 4181 432 4255 famulo.
478 4178 589 4237 Oratio.

227 4277 353 4348 Inclina‚
366 4278 504 4349 Domine,
514 4296 616 4334 aurem
630 4277 766 4334 tuamad
780 4296 881 4353 preces
894 4284 1020 4350 nostras,
1031 4281 1140 4357 quibus
1150 4281 1381 4344 misericordiam

233 4373 409 4450 nsupplices
425 4374 627 4450 deprecamur,
642 4378 679 4431 ut
695 4372 827 4433 animam
840 4375 948 4433 famuli
961 4377 1018 4449 tui,
1038 4397 1129 4455 quam
1142 4378 1179 4437 de
1196 4379 1253 4438 hoc
1274 4381 1382 4442 soeculo
