<?xml version="1.0" encoding="UTF-8"?>
<!DOCTYPE html PUBLIC "-//W3C//DTD XHTML 1.0 Transitional//EN"
    "http://www.w3.org/TR/xhtml1/DTD/xhtml1-transitional.dtd">
<html xmlns="http://www.w3.org/1999/xhtml" xml:lang="en" lang="en">
 <head>
  <title>
</title>
<meta http-equiv="Content-Type" content="text/html;charset=utf-8" />
  <meta name='ocr-system' content='tesseract 3.04.00' />
  <meta name='ocr-capabilities' content='ocr_page ocr_carea ocr_par ocr_line ocrx_word'/>
</head>
<body>
  <div class='ocr_page' id='page_1' title='image "./manualeetproces00churgoog_0215.png"; bbox 0 0 2850 4800; ppageno 0'>
   <div class='ocr_carea' id='block_1_1' title="bbox 121 325 861 399">
    <p class='ocr_par' dir='ltr' id='par_1_1' title="bbox 121 325 861 399">
     <span class='ocr_line' id='line_1_1' title="bbox 121 325 861 399; baseline -0.005 -2"><span class='ocrx_word' id='word_1_1' title='bbox 121 337 185 399; x_wconf 82' lang='lat'>180</span> <span class='ocrx_word' id='word_1_2' title='bbox 580 328 629 394; x_wconf 83' lang='lat' dir='ltr'>Ia</span> <span class='ocrx_word' id='word_1_3' title='bbox 646 327 701 394; x_wconf 78' lang='lat' dir='ltr'>die</span> <span class='ocrx_word' id='word_1_4' title='bbox 715 325 861 394; x_wconf 73' lang='lat' dir='ltr'>Porclaca.</span> 
     </span>
    </p>
   </div>
   <div class='ocr_carea' id='block_1_2' title="bbox 179 512 633 592">
    <p class='ocr_par' dir='ltr' id='par_1_2' title="bbox 179 512 633 592">
     <span class='ocr_line' id='line_1_2' title="bbox 179 512 633 592; baseline -0.007 -18"><span class='ocrx_word' id='word_1_5' title='bbox 179 516 220 575; x_wconf 83' lang='lat' dir='ltr'>Et</span> <span class='ocrx_word' id='word_1_6' title='bbox 234 522 373 592; x_wconf 81' lang='lat' dir='ltr'>sequatur</span> <span class='ocrx_word' id='word_1_7' title='bbox 386 512 569 591; x_wconf 75' lang='lat' dir='ltr'>Aratiptouu.</span> <span class='ocrx_word' id='word_1_8' title='bbox 630 529 633 533; x_wconf 89' lang='grc'>·</span> 
     </span>
    </p>
   </div>
   <div class='ocr_carea' id='block_1_3' title="bbox 144 652 1178 770">
    <p class='ocr_par' dir='ltr' id='par_1_3' title="bbox 144 652 1178 770">
     <span class='ocr_line' id='line_1_3' title="bbox 144 652 1177 723; baseline -0.01 -31"><span class='ocrx_word' id='word_1_9' title='bbox 144 658 393 711; x_wconf 62' lang='lat'>5—-</span> <span class='ocrx_word' id='word_1_10' title='bbox 418 656 465 688; x_wconf 84' lang='lat'>-</span> <span class='ocrx_word' id='word_1_11' title='bbox 490 654 751 689; x_wconf 71' lang='grc' dir='ltr'>...Ι--</span> <span class='ocrx_word' id='word_1_12' title='bbox 776 653 847 685; x_wconf 83' lang='grc'>“-</span> <span class='ocrx_word' id='word_1_13' title='bbox 872 652 1013 685; x_wconf 78' lang='grc' dir='ltr'>-ι-</span> <span class='ocrx_word' id='word_1_14' title='bbox 1039 653 1086 683; x_wconf 83' lang='grc'>-</span> <span class='ocrx_word' id='word_1_15' title='bbox 1112 652 1177 723; x_wconf 75' lang='grc' dir='ltr'>-Ι</span> 
     </span>
     <span class='ocr_line' id='line_1_4' title="bbox 228 731 1178 770; baseline -0.008 0"><span class='ocrx_word' id='word_1_16' title='bbox 228 731 1178 770; x_wconf 64' lang='lat' dir='ltr'>-n—l</span> 
     </span>
    </p>
   </div>
   <div class='ocr_carea' id='block_1_4' title="bbox 193 783 1120 894">
    <p class='ocr_par' dir='ltr' id='par_1_4' title="bbox 193 783 1120 894">
     <span class='ocr_line' id='line_1_5' title="bbox 193 783 1120 894; baseline -0.006 -18"><span class='ocrx_word' id='word_1_17' title='bbox 193 816 483 894; x_wconf 85' lang='lat' dir='ltr'>Al-le-lu-ya‚</span> <span class='ocrx_word' id='word_1_18' title='bbox 516 814 783 892; x_wconf 90' lang='lat' dir='ltr'>al·le-lu·ya,</span> <span class='ocrx_word' id='word_1_19' title='bbox 847 783 1120 890; x_wconf 25' lang='lat' dir='ltr'>al&#39;·le·&#39;lu·ya</span> 
     </span>
    </p>
   </div>
   <div class='ocr_carea' id='block_1_5' title="bbox 114 1020 1332 2362">
    <p class='ocr_par' dir='ltr' id='par_1_5' title="bbox 180 1020 569 1081">
     <span class='ocr_line' id='line_1_6' title="bbox 180 1020 569 1081; baseline -0.005 -1"><span class='ocrx_word' id='word_1_20' title='bbox 180 1020 220 1080; x_wconf 83' lang='lat' dir='ltr'>Ia</span> <span class='ocrx_word' id='word_1_21' title='bbox 233 1021 356 1081; x_wconf 72' lang='lat' dir='ltr'>statium</span> <span class='ocrx_word' id='word_1_22' title='bbox 369 1027 437 1079; x_wconf 76' lang='lat' dir='ltr'>orate</span> <span class='ocrx_word' id='word_1_23' title='bbox 451 1039 569 1079; x_wconf 73' lang='lat' dir='ltr'>crucem</span> 
     </span>
    </p>

    <p class='ocr_par' dir='ltr' id='par_1_6' title="bbox 180 1120 415 1198">
     <span class='ocr_line' id='line_1_7' title="bbox 180 1120 415 1198; baseline -0.013 -18"><span class='ocrx_word' id='word_1_24' title='bbox 180 1120 415 1198; x_wconf 76' lang='lat' dir='ltr'>Recporrsmium.</span> 
     </span>
    </p>

    <p class='ocr_par' dir='ltr' id='par_1_7' title="bbox 118 1208 1332 1490">
     <span class='ocr_line' id='line_1_8' title="bbox 179 1208 1322 1297; baseline 0.001 -20"><span class='ocrx_word' id='word_1_25' title='bbox 179 1218 248 1277; x_wconf 86' lang='lat' dir='ltr'>Rex</span> <span class='ocrx_word' id='word_1_26' title='bbox 261 1224 363 1276; x_wconf 87' lang='lat' dir='ltr'>noster</span> <span class='ocrx_word' id='word_1_27' title='bbox 382 1217 415 1274; x_wconf 90' lang='lat' dir='ltr'>iu</span> <span class='ocrx_word' id='word_1_28' title='bbox 429 1236 513 1276; x_wconf 90' lang='lat' dir='ltr'>eruce</span> <span class='ocrx_word' id='word_1_29' title='bbox 533 1215 682 1274; x_wconf 77' lang='lat' dir='ltr'>debellans</span> <span class='ocrx_word' id='word_1_30' title='bbox 701 1215 807 1273; x_wconf 82' lang='lat' dir='ltr'>mortis</span> <span class='ocrx_word' id='word_1_31' title='bbox 820 1214 984 1293; x_wconf 86' lang='lat' dir='ltr'>principem</span> <span class='ocrx_word' id='word_1_32' title='bbox 1003 1216 1077 1275; x_wconf 88' lang='lat' dir='ltr'>tulit</span> <span class='ocrx_word' id='word_1_33' title='bbox 1089 1215 1197 1297; x_wconf 77' lang='lat' dir='ltr'>fortior</span> <span class='ocrx_word' id='word_1_34' title='bbox 1210 1208 1322 1277; x_wconf 76' lang='lat' dir='ltr'>armato¹</span> 
     </span>
     <span class='ocr_line' id='line_1_9' title="bbox 118 1312 1332 1395; baseline -0.003 -19"><span class='ocrx_word' id='word_1_35' title='bbox 118 1317 210 1395; x_wconf 84' lang='lat' dir='ltr'>spolia</span> <span class='ocrx_word' id='word_1_36' title='bbox 220 1338 230 1390; x_wconf 86' lang='lat'>;</span> <span class='ocrx_word' id='word_1_37' title='bbox 250 1315 381 1374; x_wconf 75' lang='lat' dir='ltr'>dilucido</span> <span class='ocrx_word' id='word_1_38' title='bbox 407 1332 563 1391; x_wconf 82' lang='lat' dir='ltr'>resurgens</span> <span class='ocrx_word' id='word_1_39' title='bbox 586 1313 619 1370; x_wconf 89' lang='lat' dir='ltr'>in</span> <span class='ocrx_word' id='word_1_40' title='bbox 641 1312 775 1390; x_wconf 75' lang='lat' dir='ltr'>gloriam,</span> <span class='ocrx_word' id='word_1_41' title='bbox 796 1314 938 1391; x_wconf 89' lang='lat' dir='ltr'>processit</span> <span class='ocrx_word' id='word_1_42' title='bbox 959 1314 994 1371; x_wconf 91' lang='lat' dir='ltr'>in</span> <span class='ocrx_word' id='word_1_43' title='bbox 1020 1312 1176 1387; x_wconf 82' lang='lat' dir='ltr'>mundum,</span> <span class='ocrx_word' id='word_1_44' title='bbox 1203 1312 1332 1392; x_wconf 77' lang='lat' dir='ltr'>reliquit:</span> 
     </span>
     <span class='ocr_line' id='line_1_10' title="bbox 118 1410 1317 1490; baseline -0.001 -18"><span class='ocrx_word' id='word_1_45' title='bbox 118 1415 271 1474; x_wconf 74' lang='lat' dir='ltr'>aradorium</span> <span class='ocrx_word' id='word_1_46' title='bbox 283 1414 317 1470; x_wconf 90' lang='lat' dir='ltr'>in</span> <span class='ocrx_word' id='word_1_47' title='bbox 330 1411 482 1488; x_wconf 89' lang='lat' dir='ltr'>sepulcro:</span> <span class='ocrx_word' id='word_1_48' title='bbox 502 1410 541 1468; x_wconf 83' lang='lat' dir='ltr'>ad</span> <span class='ocrx_word' id='word_1_49' title='bbox 554 1411 648 1487; x_wconf 90' lang='lat' dir='ltr'>patris</span> <span class='ocrx_word' id='word_1_50' title='bbox 662 1410 769 1469; x_wconf 89' lang='lat' dir='ltr'>solium</span> <span class='ocrx_word' id='word_1_51' title='bbox 777 1411 873 1470; x_wconf 87' lang='lat' dir='ltr'>victor</span> <span class='ocrx_word' id='word_1_52' title='bbox 885 1411 1004 1470; x_wconf 76' lang='lat' dir='ltr'><strong>revexit</strong></span> <span class='ocrx_word' id='word_1_53' title='bbox 1016 1417 1173 1489; x_wconf 68' lang='lat' dir='ltr'>tropeum,</span> <span class='ocrx_word' id='word_1_54' title='bbox 1186 1411 1317 1490; x_wconf 75' lang='lat' dir='ltr'>alleluya</span> 
     </span>
    </p>

    <p class='ocr_par' dir='ltr' id='par_1_8' title="bbox 184 1508 825 1570">
     <span class='ocr_line' id='line_1_11' title="bbox 184 1508 825 1570; baseline -0.006 0"><span class='ocrx_word' id='word_1_55' title='bbox 184 1511 288 1570; x_wconf 81' lang='lat' dir='ltr'>Versus</span> <span class='ocrx_word' id='word_1_56' title='bbox 301 1518 434 1568; x_wconf 78' lang='lat' dir='ltr'>coutetur</span> <span class='ocrx_word' id='word_1_57' title='bbox 446 1509 481 1567; x_wconf 79' lang='lat' dir='ltr'>ia</span> <span class='ocrx_word' id='word_1_58' title='bbox 494 1508 588 1567; x_wconf 76' lang='lat' dir='ltr'>aredio</span> <span class='ocrx_word' id='word_1_59' title='bbox 602 1509 798 1568; x_wconf 71' lang='lat' dir='ltr'>Processimus</span> <span class='ocrx_word' id='word_1_60' title='bbox 815 1530 825 1566; x_wconf 90' lang='grc'>.·</span> 
     </span>
    </p>

    <p class='ocr_par' dir='ltr' id='par_1_9' title="bbox 114 1604 1320 1981">
     <span class='ocr_line' id='line_1_12' title="bbox 179 1604 1320 1682; baseline 0.001 -16"><span class='ocrx_word' id='word_1_61' title='bbox 179 1607 295 1666; x_wconf 91' lang='lat' dir='ltr'>Omira</span> <span class='ocrx_word' id='word_1_62' title='bbox 318 1605 430 1664; x_wconf 78' lang='lat' dir='ltr'>Christi</span> <span class='ocrx_word' id='word_1_63' title='bbox 450 1605 528 1682; x_wconf 85' lang='lat' dir='ltr'>regis</span> <span class='ocrx_word' id='word_1_64' title='bbox 552 1604 717 1677; x_wconf 88' lang='lat' dir='ltr'>elementia,</span> <span class='ocrx_word' id='word_1_65' title='bbox 733 1606 800 1682; x_wconf 83' lang='lat' dir='ltr'>quis</span> <span class='ocrx_word' id='word_1_66' title='bbox 820 1606 899 1664; x_wconf 81' lang='lat' dir='ltr'>vidit</span> <span class='ocrx_word' id='word_1_67' title='bbox 918 1604 1010 1666; x_wconf 82' lang='lat' dir='ltr'>taliat</span> <span class='ocrx_word' id='word_1_68' title='bbox 1050 1606 1191 1666; x_wconf 67' lang='lat' dir='ltr'>Iahonis</span> <span class='ocrx_word' id='word_1_69' title='bbox 1209 1626 1320 1669; x_wconf 86' lang='lat' dir='ltr'>erucem</span> 
     </span>
     <span class='ocr_line' id='line_1_13' title="bbox 114 1693 1320 1778; baseline 0.002 -17"><span class='ocrx_word' id='word_1_70' title='bbox 114 1703 253 1774; x_wconf 82' lang='lat' dir='ltr'>tolerans,</span> <span class='ocrx_word' id='word_1_71' title='bbox 271 1702 360 1777; x_wconf 88' lang='lat' dir='ltr'>jubet</span> <span class='ocrx_word' id='word_1_72' title='bbox 382 1701 526 1759; x_wconf 80' lang='lat' dir='ltr'>cherubin</span> <span class='ocrx_word' id='word_1_73' title='bbox 547 1701 679 1778; x_wconf 77' lang='lat' dir='ltr'>gladium</span> <span class='ocrx_word' id='word_1_74' title='bbox 701 1707 871 1760; x_wconf 81' lang='lat' dir='ltr'>versantem</span> <span class='ocrx_word' id='word_1_75' title='bbox 891 1701 986 1761; x_wconf 88' lang='lat' dir='ltr'>crucis</span> <span class='ocrx_word' id='word_1_76' title='bbox 1005 1702 1084 1763; x_wconf 83' lang='lat' dir='ltr'>socio</span> <span class='ocrx_word' id='word_1_77' title='bbox 1103 1693 1217 1763; x_wconf 83' lang='lat' dir='ltr'>latroni</span> <span class='ocrx_word' id='word_1_78' title='bbox 1236 1705 1320 1764; x_wconf 84' lang='lat' dir='ltr'>Para·</span> 
     </span>
     <span class='ocr_line' id='line_1_14' title="bbox 116 1797 568 1875; baseline -0.002 -18"><span class='ocrx_word' id='word_1_79' title='bbox 116 1802 214 1859; x_wconf 82' lang='lat' dir='ltr'>disum</span> <span class='ocrx_word' id='word_1_80' title='bbox 228 1799 350 1875; x_wconf 87' lang='lat' dir='ltr'>aperire.</span> <span class='ocrx_word' id='word_1_81' title='bbox 394 1798 445 1856; x_wconf 86' lang='lat' dir='ltr'>Ad</span> <span class='ocrx_word' id='word_1_82' title='bbox 460 1797 568 1857; x_wconf 87' lang='lat' dir='ltr'>Patris.</span> 
     </span>
     <span class='ocr_line' id='line_1_15' title="bbox 121 1894 950 1981; baseline -0.001 -25"><span class='ocrx_word' id='word_1_83' title='bbox 121 1897 150 1956; x_wconf 79' lang='lat'>1⁷.</span> <span class='ocrx_word' id='word_1_84' title='bbox 173 1894 405 1981; x_wconf 76' lang='lat' dir='ltr'>(sacerdotalia).</span> <span class='ocrx_word' id='word_1_85' title='bbox 449 1895 587 1954; x_wconf 84' lang='lat' dir='ltr'>Surrexit</span> <span class='ocrx_word' id='word_1_86' title='bbox 599 1896 747 1954; x_wconf 84' lang='lat' dir='ltr'>Dominus</span> <span class='ocrx_word' id='word_1_87' title='bbox 760 1896 797 1954; x_wconf 92' lang='lat' dir='ltr'>de</span> <span class='ocrx_word' id='word_1_88' title='bbox 810 1895 950 1974; x_wconf 87' lang='lat' dir='ltr'>sepulcro.</span> 
     </span>
    </p>

    <p class='ocr_par' dir='ltr' id='par_1_10' title="bbox 180 1992 292 2052">
     <span class='ocr_line' id='line_1_16' title="bbox 180 1992 292 2052; baseline -0.018 0"><span class='ocrx_word' id='word_1_89' title='bbox 180 1992 292 2052; x_wconf 80' lang='lat' dir='ltr'>Oratio.</span> 
     </span>
    </p>

    <p class='ocr_par' dir='ltr' id='par_1_11' title="bbox 114 2088 1322 2362">
     <span class='ocr_line' id='line_1_17' title="bbox 175 2088 1320 2168; baseline 0.002 -18"><span class='ocrx_word' id='word_1_90' title='bbox 175 2092 269 2164; x_wconf 81' lang='lat' dir='ltr'>Deus,</span> <span class='ocrx_word' id='word_1_91' title='bbox 283 2091 335 2166; x_wconf 92' lang='lat' dir='ltr'>qui</span> <span class='ocrx_word' id='word_1_92' title='bbox 359 2110 413 2168; x_wconf 93' lang='lat' dir='ltr'>pro</span> <span class='ocrx_word' id='word_1_93' title='bbox 437 2090 525 2149; x_wconf 90' lang='lat' dir='ltr'>nobis</span> <span class='ocrx_word' id='word_1_94' title='bbox 549 2089 662 2147; x_wconf 85' lang='lat' dir='ltr'>Filium</span> <span class='ocrx_word' id='word_1_95' title='bbox 682 2095 770 2147; x_wconf 89' lang='lat' dir='ltr'>tuum</span> <span class='ocrx_word' id='word_1_96' title='bbox 784 2089 879 2149; x_wconf 85' lang='lat' dir='ltr'>crucia</span> <span class='ocrx_word' id='word_1_97' title='bbox 896 2088 1065 2166; x_wconf 79' lang='lat' dir='ltr'>patibulum</span> <span class='ocrx_word' id='word_1_98' title='bbox 1078 2090 1179 2152; x_wconf 80' lang='lat' dir='ltr'>subire</span> <span class='ocrx_word' id='word_1_99' title='bbox 1193 2092 1320 2167; x_wconf 83' lang='lat' dir='ltr'>voluisti,</span> 
     </span>
     <span class='ocr_line' id='line_1_18' title="bbox 115 2186 1322 2266; baseline 0.003 -20"><span class='ocrx_word' id='word_1_100' title='bbox 115 2194 149 2246; x_wconf 94' lang='lat' dir='ltr'>ut</span> <span class='ocrx_word' id='word_1_101' title='bbox 163 2188 276 2246; x_wconf 90' lang='lat' dir='ltr'>inimici</span> <span class='ocrx_word' id='word_1_102' title='bbox 291 2206 309 2245; x_wconf 89' lang='lat' dir='ltr'>a</span> <span class='ocrx_word' id='word_1_103' title='bbox 322 2187 408 2246; x_wconf 88' lang='lat' dir='ltr'>nobis</span> <span class='ocrx_word' id='word_1_104' title='bbox 428 2186 591 2263; x_wconf 83' lang='lat' dir='ltr'>expelleres</span> <span class='ocrx_word' id='word_1_105' title='bbox 604 2191 803 2262; x_wconf 71' lang='lat' dir='ltr'>potestatem,</span> <span class='ocrx_word' id='word_1_106' title='bbox 823 2186 948 2245; x_wconf 88' lang='lat' dir='ltr'>concede</span> <span class='ocrx_word' id='word_1_107' title='bbox 968 2186 1055 2247; x_wconf 85' lang='lat' dir='ltr'>nobis</span> <span class='ocrx_word' id='word_1_108' title='bbox 1068 2187 1190 2249; x_wconf 79' lang='lat' dir='ltr'>famuhs</span> <span class='ocrx_word' id='word_1_109' title='bbox 1204 2191 1274 2266; x_wconf 84' lang='lat' dir='ltr'>tuis,</span> <span class='ocrx_word' id='word_1_110' title='bbox 1289 2197 1322 2250; x_wconf 86' lang='lat' dir='ltr'>ut</span> 
     </span>
     <span class='ocr_line' id='line_1_19' title="bbox 114 2282 823 2362; baseline -0.003 -20"><span class='ocrx_word' id='word_1_111' title='bbox 114 2283 337 2344; x_wconf 81' lang='lat' dir='ltr'>resurrectionis</span> <span class='ocrx_word' id='word_1_112' title='bbox 350 2283 476 2362; x_wconf 88' lang='lat' dir='ltr'>gloriam</span> <span class='ocrx_word' id='word_1_113' title='bbox 490 2301 712 2359; x_wconf 81' lang='lat' dir='ltr'>consequamur.</span> <span class='ocrx_word' id='word_1_114' title='bbox 757 2282 823 2340; x_wconf 88' lang='lat' dir='ltr'>Per.</span> 
     </span>
    </p>
   </div>
   <div class='ocr_carea' id='block_1_6' title="bbox 175 2485 711 2563">
    <p class='ocr_par' dir='ltr' id='par_1_12' title="bbox 175 2485 711 2563">
     <span class='ocr_line' id='line_1_20' title="bbox 175 2485 711 2563; baseline -0.004 -17"><span class='ocrx_word' id='word_1_115' title='bbox 175 2488 227 2547; x_wconf 55' lang='lat' dir='ltr'>ild</span> <span class='ocrx_word' id='word_1_116' title='bbox 238 2489 395 2547; x_wconf 78' lang='lat' dir='ltr'>introitum</span> <span class='ocrx_word' id='word_1_117' title='bbox 410 2485 501 2546; x_wconf 72' lang='lat' dir='ltr'>Ultori</span> <span class='ocrx_word' id='word_1_118' title='bbox 515 2485 711 2563; x_wconf 75' lang='lat' dir='ltr'>Aratipltoraa:</span> 
     </span>
    </p>
   </div>
   <div class='ocr_carea' id='block_1_7' title="bbox 316 2585 1169 3165">
    <p class='ocr_par' dir='ltr' id='par_1_13' title="bbox 316 2585 1009 2674">
     <span class='ocr_line' id='line_1_21' title="bbox 316 2585 1009 2674; baseline 0 -18"><span class='ocrx_word' id='word_1_119' title='bbox 316 2598 409 2656; x_wconf 90' lang='lat' dir='ltr'>Alma</span> <span class='ocrx_word' id='word_1_120' title='bbox 422 2597 615 2673; x_wconf 74' lang='lat' dir='ltr'>redemptoris</span> <span class='ocrx_word' id='word_1_121' title='bbox 628 2603 733 2669; x_wconf 89' lang='lat' dir='ltr'>mater,</span> <span class='ocrx_word' id='word_1_122' title='bbox 749 2585 815 2673; x_wconf 62' lang='lat' dir='ltr'>{luae</span> <span class='ocrx_word' id='word_1_123' title='bbox 828 2597 932 2674; x_wconf 82' lang='lat' dir='ltr'>pervia</span> <span class='ocrx_word' id='word_1_124' title='bbox 945 2598 1009 2657; x_wconf 86' lang='lat' dir='ltr'>caeli</span> 
     </span>
    </p>

    <p class='ocr_par' dir='ltr' id='par_1_14' title="bbox 316 2695 1071 3063">
     <span class='ocr_line' id='line_1_22' title="bbox 317 2695 1071 2770; baseline 0.003 -16"><span class='ocrx_word' id='word_1_125' title='bbox 317 2696 409 2754; x_wconf 86' lang='lat' dir='ltr'>Porta</span> <span class='ocrx_word' id='word_1_126' title='bbox 421 2714 522 2752; x_wconf 87' lang='lat' dir='ltr'>manes</span> <span class='ocrx_word' id='word_1_127' title='bbox 536 2701 566 2753; x_wconf 87' lang='lat' dir='ltr'>et</span> <span class='ocrx_word' id='word_1_128' title='bbox 580 2695 667 2753; x_wconf 88' lang='lat' dir='ltr'>stella</span> <span class='ocrx_word' id='word_1_129' title='bbox 681 2695 780 2770; x_wconf 90' lang='lat' dir='ltr'>maris,</span> <span class='ocrx_word' id='word_1_130' title='bbox 795 2715 932 2754; x_wconf 89' lang='lat' dir='ltr'>succurre</span> <span class='ocrx_word' id='word_1_131' title='bbox 945 2696 1071 2770; x_wconf 85' lang='lat' dir='ltr'>cadenti,</span> 
     </span>
     <span class='ocr_line' id='line_1_23' title="bbox 317 2791 1050 2872; baseline 0.004 -23"><span class='ocrx_word' id='word_1_132' title='bbox 317 2792 444 2867; x_wconf 87' lang='lat' dir='ltr'>Surgere</span> <span class='ocrx_word' id='word_1_133' title='bbox 458 2791 511 2867; x_wconf 90' lang='lat' dir='ltr'>qui</span> <span class='ocrx_word' id='word_1_134' title='bbox 525 2798 619 2865; x_wconf 86' lang='lat' dir='ltr'>curat,</span> <span class='ocrx_word' id='word_1_135' title='bbox 634 2793 761 2870; x_wconf 87' lang='lat' dir='ltr'>populo:</span> <span class='ocrx_word' id='word_1_136' title='bbox 783 2802 817 2851; x_wconf 84' lang='lat' dir='ltr'>tu</span> <span class='ocrx_word' id='word_1_137' title='bbox 832 2813 898 2871; x_wconf 84' lang='lat' dir='ltr'>quac</span> <span class='ocrx_word' id='word_1_138' title='bbox 910 2795 1050 2872; x_wconf 82' lang='lat' dir='ltr'>genuisti,</span> 
     </span>
     <span class='ocr_line' id='line_1_24' title="bbox 316 2888 1071 2967; baseline 0.007 -22"><span class='ocrx_word' id='word_1_139' title='bbox 316 2888 435 2945; x_wconf 79' lang='lat' dir='ltr'>Nature</span> <span class='ocrx_word' id='word_1_140' title='bbox 447 2888 584 2960; x_wconf 86' lang='lat' dir='ltr'>mirante,</span> <span class='ocrx_word' id='word_1_141' title='bbox 599 2894 687 2946; x_wconf 91' lang='lat' dir='ltr'>tuum</span> <span class='ocrx_word' id='word_1_142' title='bbox 701 2896 837 2948; x_wconf 87' lang='lat' dir='ltr'>sanctum</span> <span class='ocrx_word' id='word_1_143' title='bbox 850 2890 1023 2967; x_wconf 83' lang='lat' dir='ltr'>genitorem,</span> <span class='ocrx_word' id='word_1_144' title='bbox 1067 2897 1071 2904; x_wconf 83' lang='lat'>&#39;</span> 
     </span>
     <span class='ocr_line' id='line_1_25' title="bbox 316 2985 1004 3063; baseline 0.007 -21"><span class='ocrx_word' id='word_1_145' title='bbox 316 2986 412 3062; x_wconf 91' lang='lat' dir='ltr'>Virgo</span> <span class='ocrx_word' id='word_1_146' title='bbox 426 2985 508 3062; x_wconf 90' lang='lat' dir='ltr'>prius</span> <span class='ocrx_word' id='word_1_147' title='bbox 521 3006 555 3044; x_wconf 89' lang='lat' dir='ltr'>ao</span> <span class='ocrx_word' id='word_1_148' title='bbox 569 2987 723 3063; x_wconf 87' lang='lat' dir='ltr'>posterius,</span> <span class='ocrx_word' id='word_1_149' title='bbox 741 2987 887 3046; x_wconf 84' lang='lat' dir='ltr'>Gabrielis</span> <span class='ocrx_word' id='word_1_150' title='bbox 901 2989 939 3047; x_wconf 91' lang='lat' dir='ltr'>ab</span> <span class='ocrx_word' id='word_1_151' title='bbox 953 3008 1004 3048; x_wconf 88' lang='lat' dir='ltr'>ore</span> 
     </span>
    </p>

    <p class='ocr_par' dir='ltr' id='par_1_15' title="bbox 316 3082 1169 3165">
     <span class='ocr_line' id='line_1_26' title="bbox 316 3082 1169 3165; baseline 0.008 -26"><span class='ocrx_word' id='word_1_152' title='bbox 316 3082 442 3140; x_wconf 80' lang='lat' dir='ltr'>Sumens</span> <span class='ocrx_word' id='word_1_153' title='bbox 456 3082 532 3142; x_wconf 91' lang='lat' dir='ltr'>illud</span> <span class='ocrx_word' id='word_1_154' title='bbox 544 3084 622 3158; x_wconf 84' lang='lat' dir='ltr'>Ave,</span> <span class='ocrx_word' id='word_1_155' title='bbox 636 3089 823 3162; x_wconf 86' lang='lat' dir='ltr'>peccatorum</span> <span class='ocrx_word' id='word_1_156' title='bbox 837 3085 983 3144; x_wconf 79' lang='lat' dir='ltr'>miserere.</span> <span class='ocrx_word' id='word_1_157' title='bbox 1018 3086 1169 3165; x_wconf 87' lang='lat' dir='ltr'>Alleluya.</span> 
     </span>
    </p>
   </div>
   <div class='ocr_carea' id='block_1_8' title="bbox 111 3213 1321 4453">
    <p class='ocr_par' dir='ltr' id='par_1_16' title="bbox 121 3213 1121 3373">
     <span class='ocr_line' id='line_1_27' title="bbox 121 3213 1121 3296; baseline -0.001 -17"><span class='ocrx_word' id='word_1_158' title='bbox 121 3213 150 3279; x_wconf 80' lang='lat' dir='ltr'>V.</span> <span class='ocrx_word' id='word_1_159' title='bbox 174 3215 401 3294; x_wconf 65' lang='lat' dir='ltr'>(sacerdotalia).</span> <span class='ocrx_word' id='word_1_160' title='bbox 448 3217 521 3274; x_wconf 89' lang='lat' dir='ltr'>Post</span> <span class='ocrx_word' id='word_1_161' title='bbox 534 3222 654 3295; x_wconf 83' lang='lat' dir='ltr'>partum</span> <span class='ocrx_word' id='word_1_162' title='bbox 666 3218 751 3296; x_wconf 81' lang='lat' dir='ltr'>virgo</span> <span class='ocrx_word' id='word_1_163' title='bbox 764 3216 910 3276; x_wconf 85' lang='lat' dir='ltr'>inviolata</span> <span class='ocrx_word' id='word_1_164' title='bbox 922 3219 1121 3295; x_wconf 78' lang='lat' dir='ltr'>permansisti.</span> 
     </span>
     <span class='ocr_line' id='line_1_28' title="bbox 124 3314 365 3373; baseline 0 -1"><span class='ocrx_word' id='word_1_165' title='bbox 124 3316 151 3372; x_wconf 74' lang='grc' dir='ltr'>Γ.</span> <span class='ocrx_word' id='word_1_166' title='bbox 175 3315 244 3372; x_wconf 78' lang='lat' dir='ltr'>Ave</span> <span class='ocrx_word' id='word_1_167' title='bbox 259 3314 365 3373; x_wconf 81' lang='lat' dir='ltr'>Maria.</span> 
     </span>
    </p>

    <p class='ocr_par' dir='ltr' id='par_1_17' title="bbox 179 3413 288 3472">
     <span class='ocr_line' id='line_1_29' title="bbox 179 3413 288 3472; baseline 0 0"><span class='ocrx_word' id='word_1_168' title='bbox 179 3413 288 3472; x_wconf 82' lang='lat' dir='ltr'>Oratio.</span> 
     </span>
    </p>

    <p class='ocr_par' dir='ltr' id='par_1_18' title="bbox 112 3509 1321 3863">
     <span class='ocr_line' id='line_1_30' title="bbox 176 3509 1321 3590; baseline 0.001 -20"><span class='ocrx_word' id='word_1_169' title='bbox 176 3511 310 3570; x_wconf 80' lang='lat' dir='ltr'>Gratiam</span> <span class='ocrx_word' id='word_1_170' title='bbox 330 3518 414 3570; x_wconf 87' lang='lat' dir='ltr'>tuam</span> <span class='ocrx_word' id='word_1_171' title='bbox 436 3530 612 3588; x_wconf 84' lang='lat' dir='ltr'>quaesumus,</span> <span class='ocrx_word' id='word_1_172' title='bbox 627 3510 765 3583; x_wconf 86' lang='lat' dir='ltr'>Domine,</span> <span class='ocrx_word' id='word_1_173' title='bbox 780 3509 932 3569; x_wconf 88' lang='lat' dir='ltr'>mentibus</span> <span class='ocrx_word' id='word_1_174' title='bbox 945 3510 1057 3570; x_wconf 86' lang='lat' dir='ltr'>nostris</span> <span class='ocrx_word' id='word_1_175' title='bbox 1070 3510 1205 3585; x_wconf 79' lang='lat' dir='ltr'>infunde,</span> <span class='ocrx_word' id='word_1_176' title='bbox 1219 3517 1255 3571; x_wconf 89' lang='lat' dir='ltr'>nt</span> <span class='ocrx_word' id='word_1_177' title='bbox 1269 3513 1321 3590; x_wconf 91' lang='lat' dir='ltr'>qui</span> 
     </span>
     <span class='ocr_line' id='line_1_31' title="bbox 112 3606 1321 3686; baseline 0.002 -20"><span class='ocrx_word' id='word_1_178' title='bbox 112 3608 217 3686; x_wconf 85' lang='lat' dir='ltr'>angelo</span> <span class='ocrx_word' id='word_1_179' title='bbox 251 3609 410 3668; x_wconf 88' lang='lat' dir='ltr'>nuntiante</span> <span class='ocrx_word' id='word_1_180' title='bbox 444 3608 556 3667; x_wconf 76' lang='lat' dir='ltr'>Christi</span> <span class='ocrx_word' id='word_1_181' title='bbox 591 3606 663 3664; x_wconf 84' lang='lat' dir='ltr'>Filii</span> <span class='ocrx_word' id='word_1_182' title='bbox 692 3607 739 3664; x_wconf 89' lang='lat' dir='ltr'>tui</span> <span class='ocrx_word' id='word_1_183' title='bbox 770 3607 1006 3665; x_wconf 85' lang='lat' dir='ltr'>incarnationem</span> <span class='ocrx_word' id='word_1_184' title='bbox 1039 3609 1240 3685; x_wconf 82' lang='lat' dir='ltr'>cognovimus,</span> <span class='ocrx_word' id='word_1_185' title='bbox 1267 3628 1321 3686; x_wconf 89' lang='lat' dir='ltr'>per</span> 
     </span>
     <span class='ocr_line' id='line_1_32' title="bbox 112 3704 1321 3785; baseline 0 -19"><span class='ocrx_word' id='word_1_186' title='bbox 112 3709 276 3785; x_wconf 84' lang='lat' dir='ltr'>passionem</span> <span class='ocrx_word' id='word_1_187' title='bbox 295 3708 359 3784; x_wconf 88' lang='lat' dir='ltr'>ejus</span> <span class='ocrx_word' id='word_1_188' title='bbox 379 3714 410 3765; x_wconf 91' lang='lat' dir='ltr'>et</span> <span class='ocrx_word' id='word_1_189' title='bbox 432 3726 548 3766; x_wconf 89' lang='lat' dir='ltr'>crucem</span> <span class='ocrx_word' id='word_1_190' title='bbox 564 3704 602 3763; x_wconf 84' lang='lat' dir='ltr'>ad</span> <span class='ocrx_word' id='word_1_191' title='bbox 622 3704 845 3763; x_wconf 83' lang='lat' dir='ltr'>resurrectionis</span> <span class='ocrx_word' id='word_1_192' title='bbox 866 3704 992 3783; x_wconf 89' lang='lat' dir='ltr'>gloriam</span> <span class='ocrx_word' id='word_1_193' title='bbox 1014 3705 1219 3784; x_wconf 88' lang='lat' dir='ltr'>perducamur.</span> <span class='ocrx_word' id='word_1_194' title='bbox 1263 3705 1321 3766; x_wconf 85' lang='lat' dir='ltr'>Per</span> 
     </span>
     <span class='ocr_line' id='line_1_33' title="bbox 114 3804 276 3863; baseline -0.019 0"><span class='ocrx_word' id='word_1_195' title='bbox 114 3804 276 3863; x_wconf 75' lang='lat' dir='ltr'>Christum.</span> 
     </span>
    </p>

    <p class='ocr_par' dir='ltr' id='par_1_19' title="bbox 172 3903 704 3982">
     <span class='ocr_line' id='line_1_34' title="bbox 172 3903 704 3982; baseline -0.006 -15"><span class='ocrx_word' id='word_1_196' title='bbox 172 3909 217 3969; x_wconf 82' lang='lat' dir='ltr'>De</span> <span class='ocrx_word' id='word_1_197' title='bbox 230 3907 364 3967; x_wconf 67' lang='lat' dir='ltr'>orionibus</span> <span class='ocrx_word' id='word_1_198' title='bbox 376 3905 494 3966; x_wconf 76' lang='lat' dir='ltr'>Saractis</span> <span class='ocrx_word' id='word_1_199' title='bbox 508 3903 704 3982; x_wconf 73' lang='lat' dir='ltr'>Arctipltoaa:</span> 
     </span>
    </p>

    <p class='ocr_par' dir='ltr' id='par_1_20' title="bbox 111 4003 1321 4180">
     <span class='ocr_line' id='line_1_35' title="bbox 171 4003 1321 4082; baseline 0.002 -18"><span class='ocrx_word' id='word_1_200' title='bbox 171 4006 241 4064; x_wconf 82' lang='lat' dir='ltr'>Lux</span> <span class='ocrx_word' id='word_1_201' title='bbox 265 4010 407 4082; x_wconf 86' lang='lat' dir='ltr'>perpetua</span> <span class='ocrx_word' id='word_1_202' title='bbox 430 4003 541 4061; x_wconf 92' lang='lat' dir='ltr'>lucebit</span> <span class='ocrx_word' id='word_1_203' title='bbox 566 4003 677 4061; x_wconf 88' lang='lat' dir='ltr'>sanctis</span> <span class='ocrx_word' id='word_1_204' title='bbox 702 4003 771 4077; x_wconf 87' lang='lat' dir='ltr'>tuis,</span> <span class='ocrx_word' id='word_1_205' title='bbox 793 4003 931 4078; x_wconf 85' lang='lat' dir='ltr'>Domine,</span> <span class='ocrx_word' id='word_1_206' title='bbox 954 4004 1091 4082; x_wconf 76' lang='lat' dir='ltr'>alleluya,</span> <span class='ocrx_word' id='word_1_207' title='bbox 1114 4009 1146 4063; x_wconf 88' lang='lat' dir='ltr'>et</span> <span class='ocrx_word' id='word_1_208' title='bbox 1168 4003 1321 4066; x_wconf 76' lang='lat' dir='ltr'>aeternitas</span> 
     </span>
     <span class='ocr_line' id='line_1_36' title="bbox 111 4100 785 4180; baseline -0.001 -20"><span class='ocrx_word' id='word_1_209' title='bbox 111 4110 286 4180; x_wconf 82' lang='lat' dir='ltr'>temporum.</span> <span class='ocrx_word' id='word_1_210' title='bbox 329 4100 480 4178; x_wconf 80' lang='lat' dir='ltr'>Alleluya,</span> <span class='ocrx_word' id='word_1_211' title='bbox 496 4100 633 4178; x_wconf 75' lang='lat' dir='ltr'>alleluya,</span> <span class='ocrx_word' id='word_1_212' title='bbox 648 4100 785 4178; x_wconf 84' lang='lat' dir='ltr'>alleluya.</span> 
     </span>
    </p>

    <p class='ocr_par' dir='ltr' id='par_1_21' title="bbox 115 4197 900 4278">
     <span class='ocr_line' id='line_1_37' title="bbox 115 4197 900 4278; baseline 0 -23"><span class='ocrx_word' id='word_1_213' title='bbox 115 4200 144 4259; x_wconf 80' lang='lat' dir='ltr'>l&#39;.</span> <span class='ocrx_word' id='word_1_214' title='bbox 167 4199 186 4278; x_wconf 93' lang='lat'><em>(</em></span> <span class='ocrx_word' id='word_1_215' title='bbox 186 4198 348 4259; x_wconf 76' lang='lat' dir='ltr'>sacerdotal</span> <span class='ocrx_word' id='word_1_216' title='bbox 353 4198 359 4212; x_wconf 88' lang='lat'>&#39;</span> <span class='ocrx_word' id='word_1_217' title='bbox 372 4197 398 4277; x_wconf 89' lang='lat'>).</span> <span class='ocrx_word' id='word_1_218' title='bbox 440 4197 512 4256; x_wconf 84' lang='lat' dir='ltr'>Vox</span> <span class='ocrx_word' id='word_1_219' title='bbox 525 4197 640 4256; x_wconf 86' lang='lat' dir='ltr'>laetitiae</span> <span class='ocrx_word' id='word_1_220' title='bbox 653 4203 684 4256; x_wconf 90' lang='lat' dir='ltr'>et</span> <span class='ocrx_word' id='word_1_221' title='bbox 697 4197 900 4257; x_wconf 87' lang='lat' dir='ltr'>exultationis.</span> 
     </span>
    </p>

    <p class='ocr_par' dir='ltr' id='par_1_22' title="bbox 170 4293 1321 4374">
     <span class='ocr_line' id='line_1_38' title="bbox 170 4293 1321 4374; baseline 0.003 -19"><span class='ocrx_word' id='word_1_222' title='bbox 170 4295 279 4357; x_wconf 80' lang='lat' dir='ltr'>Oratio.</span> <span class='ocrx_word' id='word_1_223' title='bbox 324 4295 446 4371; x_wconf 80' lang='lat' dir='ltr'>Praesta,</span> <span class='ocrx_word' id='word_1_224' title='bbox 461 4314 639 4374; x_wconf 83' lang='lat' dir='ltr'>quaesumus,</span> <span class='ocrx_word' id='word_1_225' title='bbox 654 4295 850 4373; x_wconf 85' lang='lat' dir='ltr'>omnipotens,</span> <span class='ocrx_word' id='word_1_226' title='bbox 865 4293 957 4370; x_wconf 81' lang='lat' dir='ltr'>Deus,</span> <span class='ocrx_word' id='word_1_227' title='bbox 979 4303 1015 4356; x_wconf 77' lang='lat' dir='ltr'>at</span> <span class='ocrx_word' id='word_1_228' title='bbox 1037 4315 1130 4374; x_wconf 75' lang='lat' dir='ltr'>supra</span> <span class='ocrx_word' id='word_1_229' title='bbox 1151 4296 1187 4356; x_wconf 80' lang='lat' dir='ltr'>iu</span> <span class='ocrx_word' id='word_1_230' title='bbox 1212 4296 1321 4359; x_wconf 73' lang='lat' dir='ltr'>Rotur-</span> 
     </span>
    </p>

    <p class='ocr_par' dir='ltr' id='par_1_23' title="bbox 117 4394 241 4453">
     <span class='ocr_line' id='line_1_39' title="bbox 117 4394 241 4453; baseline 0.056 -7"><span class='ocrx_word' id='word_1_231' title='bbox 117 4394 241 4453; x_wconf 76' lang='lat' dir='ltr'>rectione.</span> 
     </span>
    </p>
   </div>
   <div class='ocr_carea' id='block_1_9' title="bbox 0 0 1444 4800">
    <p class='ocr_par' dir='ltr' id='par_1_24' title="bbox 0 0 1444 4800">
     <span class='ocr_line' id='line_1_40' title="bbox 0 0 1444 4800; baseline 0 0"><span class='ocrx_word' id='word_1_232' title='bbox 0 0 1444 4800; x_wconf 95' lang='lat' dir='ltr'> </span> 
     </span>
    </p>
   </div>
  </div>
 </body>
</html>
