2850 4800
121 341 202 403 104*
475 332 642 399 Manuale
655 332 703 399 ad
719 334 988 401 menusanum.

119 502 257 559 Ecclesiae
287 505 494 577 praeparatum,
517 500 551 557 in
577 519 613 559 ea
637 500 729 558 fuerit
749 499 888 574 tinctum,
913 500 1102 579 ubicunque
1125 502 1253 563 sonuerit
1267 502 1315 579 du

118 582 364 654 tintinnabulum,
379 580 465 658 longe
484 581 603 639 recedat
616 581 714 638 virtus
732 580 935 653 inimicorum,
956 584 1078 641 umbra
1092 582 1319 661 pharamam,-

118 662 248 719 incursio
268 662 432 733 turbinum,
447 661 595 738 permissio
609 661 779 733 fulminum,
792 661 872 719 laesio
890 662 1087 737 tonitruum,
1107 664 1316 723 termimum

118 748 276 819 pestutum,
299 743 452 817 omnisque
482 742 605 818 spiritus
632 741 834 818 procellarum.
896 742 937 801 ut
967 762 1048 801 cum
1071 744 1242 825 clangorem
1255 744 1317 803 ulio

117 822 268 880 audierint
291 822 347 880 filii
368 822 614 893 Christianorum,
637 828 747 880 crescat
768 822 864 880 ineis
884 821 1069 883 devotionis
1088 828 1316 905 augmentum

118 902 293 960 festinantes
313 903 351 960 ad
364 903 421 979 piae
442 903 546 961 matris
565 902 719 979 gremium,
741 908 862 961 eantent
874 902 936 961 tibi
948 902 988 961 in
1002 904 1148 965 Eccleda
1166 912 1315 979 mourut,

118 982 283 1041 deferentes
296 984 329 1039 in
346 1003 418 1041 sono
431 984 512 1041 tuba
524 983 714 1059 praeconium,
728 982 964 1041 modulationem
978 1004 1042 1061 per
1062 984 1317 1063 pmlteriumud

119 1064 264 1120 tationem
286 1083 339 1140 per
363 1082 515 1140 organum,
538 1064 717 1121 suavitatem
744 1083 798 1141 per
817 1070 1014 1141 tympanum,
1039 1067 1264 1143 jocunditatem
1281 1082 1316 1145 μ

119 1144 297 1218 cymbalum,
310 1150 413 1220 gentes
432 1144 561 1202 invitare
579 1144 699 1202 valant
718 1144 752 1201 in
770 1143 881 1221 templo
897 1150 1010 1203 sancto
1030 1150 1091 1207 tuo
1112 1148 1181 1207 suis
1198 1146 1317 1225 obeant

119 1229 150 1281 et
160 1224 296 1300 precibus
309 1224 473 1282 exercitum
487 1224 666 1302 angelorum.
709 1224 768 1283 Per
781 1224 954 1283 Dominum.
1004 1226 1050 1285 In
1064 1228 1193 1289 unitate
1203 1228 1314 1307 dum

179 1304 285 1363 Poetae
298 1305 376 1363 debet
389 1314 509 1363 cautere
521 1305 572 1363 lues
585 1324 634 1363 een
647 1304 800 1364 Psalmes:

180 1384 284 1442 Lauda
297 1386 396 1442 anima
410 1405 475 1442 mea
489 1385 653 1442 Dominum
666 1384 776 1461 (cele.)

180 1464 314 1523 Laudato
328 1466 493 1523 Dominum
507 1466 647 1541 quoniam
659 1466 755 1523 benus
769 1472 813 1523 est
825 1464 947 1543 (alet)

180 1545 284 1602 Lauda
298 1545 489 1603 Hierusalem
503 1545 667 1603 Dominum
680 1545 812 1622 (caleti.)

178 1624 313 1683 Laudate
327 1625 492 1684 Dominum
508 1626 545 1684 de
558 1626 636 1683 caelis
654 1625 799 1704 (cxlviii.)

177 1704 303 1764 eantare
324 1706 455 1765 Domine
475 1706 624 1764 canticum
643 1726 776 1780 novum,
795 1706 860 1765 laus
872 1706 938 1783 ejus
956 1705 995 1765 in
1010 1708 1157 1771 Ecclesia
1175 1716 1317 1771 anenno

118 1783 240 1863 (culix.)

177 1866 311 1924 Laudato
326 1867 489 1925 Dominum
502 1868 536 1924 in
549 1867 658 1925 sanctis
671 1868 735 1944 ejus
748 1866 820 1945 (el.)

175 1947 216 2004 Ει
236 1948 309 2004 dnm
325 1957 493 2020 cantentur,
508 1947 587 2006 debet
606 1947 746 2006 Sacerdos
766 1948 863 2005 lavere
883 1946 993 2006 cnam
1007 1950 1047 2009 de
1066 1954 1317 2029 supradictum

114 2026 260 2084 benedicte
280 2048 346 2086 crem
360 2029 418 2086 oleo
439 2028 588 2101 benedicte,
604 2029 700 2087 etrele
721 2028 861 2088 benedicto
872 2052 882 2087 :
902 2029 984 2103 qaod
1005 2030 1202 2095 taedimur
1219 2032 1316 2095 anet

114 2106 161 2166 de
174 2107 338 2166 Dominico.
380 2109 495 2168 Deinde
509 2109 580 2166 dicit
594 2109 752 2168 oretanum
764 2117 931 2185 aequantem.

177 2187 311 2246 Orcmus.
355 2188 465 2247 Oratio.

174 2268 264 2340 Deus,
281 2269 333 2345 qui
353 2288 406 2345 per
419 2270 540 2327 beatum
554 2269 680 2345 Meysen
693 2269 847 2347 legiferum
860 2269 949 2326 tubas
968 2278 1141 2347 argenteas
1157 2276 1223 2335 lieri
1234 2290 1317 2355 mm

111 2348 192 2423 pisti,
208 2368 281 2425 quas
305 2350 377 2407 dum
401 2350 515 2408 Levitae
529 2350 664 2408 sacrificii
686 2350 865 2428 clangerent,
880 2350 982 2407 sonitu
1006 2351 1189 2415 dulcedinis
1211 2354 1317 2435 populu

111 2430 242 2486 monitus
261 2431 299 2487 ad
312 2430 495 2487 adorandum
509 2436 539 2487 te
561 2430 646 2488 fieret
668 2437 858 2508 praeparatus,
873 2449 1004 2507 quarum
1026 2431 1180 2513 clangore
1200 2438 1316 2495 horum

112 2510 151 2566 ad
164 2511 284 2582 bellum,
299 2510 359 2568 tela
372 2515 570 2587 prosterneret
587 2510 821 2569 adversantium:
842 2515 951 2588 praesta
962 2515 1001 2568 ut
1021 2511 1083 2571 hec
1099 2516 1258 2577 vasculum
1273 2522 1317 2575 ua

113 2589 251 2650 Ecclesiae
272 2597 472 2669 lrraeparatum
490 2591 692 2649 sanctificetur
715 2592 830 2669 Spiritu
851 2591 969 2662 Sancte,
991 2596 1030 2650 ut
1042 2612 1105 2669 per
1125 2598 1213 2657 illius
1225 2602 1316 2657 tamma

112 2672 212 2729 fideles
226 2673 394 2731 invitentur
402 2672 439 2730 ad
450 2671 612 2750 praemium
657 2673 779 2730 Etcum
792 2671 918 2730 melodia
926 2671 1011 2729 illius
1025 2676 1163 2737 auribus
1172 2674 1316 2737 insonoel

113 2753 298 2828 populorum,
315 2759 425 2812 crescat
444 2755 478 2810 in
492 2755 534 2810 eis
555 2752 673 2810 devotio
687 2753 775 2826 fidei,
796 2752 898 2829 procul
918 2750 1077 2829 pellantur
1091 2776 1203 2819 omnes
1221 2756 1314 2817 unda

112 2833 247 2904 inimici3
281 2835 381 2911 fragor
403 2834 591 2910 grandinum,
615 2833 743 2909 procella
763 2834 927 2905 turbinum,
955 2832 1093 2909 impetus
1119 2843 1313 2917 temperatur

114 2919 325 2989 temperentur.
368 2915 483 2972 Infesta
495 2914 639 2985 tonitrua,
647 2921 805 2972 ventorum
816 2915 907 2990 flagra
920 2913 995 2970 fiant
1008 2914 1184 2977 salubriter
1195 2916 1313 2979 samad·

114 2998 178 3050 rate
192 3013 339 3070 suspensa.
383 2995 557 3053 Prosteruas
571 3013 670 3052 aereas
683 3001 844 3072 potestates
857 2995 981 3052 dextera
993 2998 1057 3051 tuae
1072 2997 1216 3073 virtutis,
1230 3004 1263 3057 nt
1273 2998 1311 3055 hee

114 3073 268 3132 audientes
281 3075 518 3134 tintinnabulum
538 3075 710 3132 tremiscant
724 3081 755 3132 et
767 3075 884 3151 fugiant
904 3079 973 3131 ante
986 3080 1105 3134 sanctas
1128 3082 1227 3141 crucis
1238 3074 1310 3137 vexil-

116 3153 188 3211 lum.
232 3155 292 3211 Per
306 3155 477 3214 Dominum.
520 3156 560 3213 In
574 3156 692 3213 unitate
706 3156 845 3232 ejusdem.
1323 3160 1326 3166 '

177 3233 262 3292 Tectae
275 3236 354 3293 debet
367 3257 431 3294 eane
444 3246 584 3311 extergere
599 3236 694 3308 linteo,
709 3237 830 3295 dicaeus
843 3235 921 3293 laune
933 3233 1121 3298 Peatmam:

175 3313 247 3371 Vox
270 3315 394 3373 Domini
416 3337 504 3394 super
527 3337 625 3395 aquas.
669 3316 771 3376 Gloria
798 3315 883 3374 Patri
904 3320 936 3372 ot
958 3313 1047 3376 Filio.
1094 3318 1186 3379 Sicut
1208 3320 1308 3393 aratri

117 3403 216 3453 cetere.

174 3475 245 3534 Post
265 3476 324 3535 lacae
338 3486 452 3553 carpere
465 3498 529 3537 earn
542 3479 619 3539 debet
633 3479 668 3537 de
689 3474 928 3552 clu-ismeteferis
940 3473 1053 3551 septies,
1067 3486 1098 3537 et
1119 3480 1208 3541 intus
1219 3486 1306 3559 W,

115 3556 236 3615 dicendo
248 3582 258 3617 .-

178 3637 311 3696 Oremus.
356 3638 465 3696 Oratio.

175 3718 370 3794 Omnipotens
383 3718 560 3795 sempiterne
573 3719 665 3793 Deus,
680 3718 816 3795 quiante
835 3736 934 3775 aream
946 3714 1074 3791 foederis,
1090 3738 1151 3797 per
1163 3724 1305 3803 clangore!

113 3798 253 3856 tubarum
280 3819 378 3856 muros
402 3800 531 3875 lapideos
564 3800 673 3876 quibus
700 3798 920 3857 adversantium
948 3796 1131 3873 cingebatur
1166 3804 1305 3870 exercitu

112 3879 215 3937 cadere
228 3879 342 3936 fecisti:
362 3886 398 3937 tu
411 3880 466 3938 hoc
479 3879 717 3938 tintinnabulum
737 3878 846 3937 caelesti
859 3877 1066 3938 benedictione
1086 3884 1306 3959 perfunderent

114 3965 184 4018 aute
215 3961 347 4017 sonitum
370 3962 434 4036 ejus
464 3959 581 4037 longius
604 3960 773 4037 effugentur
794 3959 891 4037 ignita
905 3958 1007 4035 jacula
1026 3960 1160 4039 inimici,
1181 3976 1307 4043 percum

113 4040 282 4112 fulminum,
296 4041 416 4116 inpetus
436 4041 576 4117 lapidum,
591 4041 672 4098 laesio
692 4046 922 4117 tempestatum:
942 4044 979 4097 ut
998 4040 1038 4097 ad
1058 4039 1307 4124 interrogationem

114 4122 324 4199 propheticam,
349 4122 429 4191 Quid
448 4129 493 4179 est
513 4122 570 4179 tibi
589 4140 670 4179 mare
691 4121 770 4197 quod
786 4119 911 4195 fugistil
930 4119 991 4176 suis
1011 4121 1151 4183 motibus
1171 4146 1242 4185 cum
1258 4124 1307 4185 Jor-

114 4203 218 4262 danico
231 4208 311 4260 retro
324 4208 389 4259 aete
403 4203 520 4260 fluendo
533 4202 715 4279 respondeat,
730 4202 763 4259 A
776 4201 850 4259 facie
861 4198 984 4257 Domini
997 4210 1155 4265 commota
1168 4213 1217 4268 est
1228 4214 1308 4273 tamt

116 4300 134 4339 a
153 4286 226 4343 facie
247 4283 305 4342 Dei
324 4283 437 4343 Jacob:
467 4283 526 4353 Qui
546 4283 694 4340 convertit
713 4283 838 4341 solidam
858 4287 973 4358 petram
988 4278 1022 4335 in
1042 4286 1159 4359 stagna
1174 4308 1259 4367 aqu„
1267 4286 1310 4361 ;e

115 4378 218 4444 rupem
240 4365 272 4421 in
293 4364 389 4421 fontes
410 4384 560 4441 aquenum.
604 4363 675 4420 Non
700 4382 769 4439 erge
791 4361 885 4430 nobis,
900 4358 1037 4431 Domine,
1061 4380 1129 4423 non
1151 4370 1259 4429 nobis:
1274 4360 1311 4427 sel

116 4447 231 4507 nemini
243 4452 296 4503 tue
308 4444 347 4501 da
359 4445 490 4522 gloriam.
523 4444 618 4519 Super
631 4444 832 4502 misericordia
845 4449 898 4500 tua
912 4446 942 4498 et
955 4440 1086 4501 veritate
1099 4450 1170 4509 tua.
1203 4450 1252 4511 Ut
1262 4460 1312 4509 eos
