2850 4800
175 286 238 348 112
513 281 562 346 In
585 280 708 348 Sancto
729 279 871 348 dabbato
894 279 1039 347 Paschae.

234 468 324 540 Deus,
338 465 392 542 qui
411 464 524 522 Filium
540 471 637 536 tuum,
652 463 825 540 angularem
838 463 949 522 scilicet
962 463 1101 539 lapidem,
1116 462 1251 522 oerItotis
1270 463 1383 541 ignem,

172 563 309 622 fidelibus
335 561 492 620 contulisti
499 581 509 634 ;
542 560 723 637 productum
750 566 781 618 et
808 559 899 631 silice,
919 559 1030 619 nostris
1053 559 1244 636 profuturum
1268 559 1384 634 usibus,

174 679 286 719 novum
306 660 406 735 ignem
426 657 585 727 sanctifice,
599 661 631 714 et
644 656 771 714 concede
784 656 871 714 nobis
891 675 944 733 per
964 656 1027 715 haec
1039 656 1116 715 fests
1128 640 1282 733 paschalis
1289 656 1386 717 oaeloe·

173 759 255 816 tibus
282 755 437 814 desideriis
464 753 653 826 inflammari,
680 759 717 811 ut
743 754 782 813 sd
807 759 951 832 perpetua
977 754 1053 813 fests
1072 754 1208 831 purgetis
1230 753 1385 814 mentibus

174 854 343 932 pertingere
353 853 512 911 valeamus.
555 851 615 909 Per
629 852 763 910 eundem.

236 950 310 1008 Ana
326 949 436 1009 Oratio.
479 949 612 1007 Oremus.

237 1049 375 1121 Domine,
390 1052 490 1106 sancte
501 1047 600 1119 Pater,
617 1046 804 1123 omnipotens
817 1052 927 1105 aeterne
941 1046 1032 1119 Dens,
1047 1047 1220 1106 benedicere
1233 1053 1265 1105 et
1277 1046 1385 1106 sencti-

176 1149 263 1206 ficare
277 1145 407 1224 digneris
419 1145 520 1223 ignem
533 1145 634 1215 istum,
645 1163 734 1220 quem
747 1163 802 1202 nos
811 1144 928 1221 indigni
941 1165 995 1222 per
1004 1144 1224 1203 invocationem
1233 1142 1385 1221 unigeniti

177 1247 249 1303 Filii
276 1246 331 1318 tui,
360 1244 485 1302 Domini
505 1243 610 1316 nostri,
635 1243 711 1302 Jesu
734 1243 856 1315 Christi,
881 1244 1053 1302 benedicere
1076 1242 1305 1320 praesumimus3
1326 1240 1382 1315 Tu,

177 1339 405 1399 clementissime
427 1340 519 1412 Deus,
544 1358 612 1397 cum
634 1344 688 1396 tua
708 1337 913 1396 benedictione
933 1339 1091 1412 sanctifica,
1108 1343 1139 1397 et
1158 1337 1197 1397 ed
1215 1337 1384 1415 profectum

178 1436 303 1494 humani
315 1435 430 1513 generis
443 1435 600 1512 provenire
615 1435 748 1493 concede.
791 1434 850 1492 Per
863 1435 998 1493 eundem.

239 1533 406 1591 Benedictio
420 1531 546 1591 Incensi.
591 1531 724 1589 Oremus.

240 1629 362 1702 Veniat,
375 1629 561 1705 omnipotens
571 1629 663 1701 Deus,
679 1648 767 1706 super
775 1629 831 1687 hoo
840 1629 994 1687 incensum
1002 1628 1085 1706 lorge
1093 1634 1154 1686 tuse
1167 1627 1384 1686 benedictionis

181 1725 299 1799 infusio,
313 1725 461 1802 hujusque
481 1724 686 1800 thymiamatis
702 1731 882 1799 *creaturam
897 1725 1059 1783 invisibilis
1079 1729 1226 1801 regnator,
1241 1723 1367 1782 intende
1373 1743 1384 1797 ;

179 1831 214 1884 ut
228 1844 289 1882 non
303 1823 398 1882 solum
412 1821 597 1895 sacrificium,
614 1822 693 1898 quod
705 1822 761 1881 hae
777 1828 864 1881 nocte
877 1823 999 1880 litatum
1012 1828 1066 1894 est,
1081 1840 1188 1881 crosno
1200 1820 1325 1878 luminis
1337 1819 1385 1878 tui

180 1923 364 1980 admixtione
378 1921 530 1998 refulgeat,
545 1921 596 1978 sed
610 1921 643 1978 in
657 1941 834 1997 quocunque
853 1921 917 1978 loco
937 1919 1052 1996 aliquid
1065 1938 1103 1978 ex
1116 1919 1207 1995 hujus
1220 1916 1385 1977 sonctifica-

180 2021 271 2078 tionis
298 2019 389 2077 fuerit
415 2018 558 2094 mysterio
592 2018 790 2094 deportatum,
819 2017 940 2094 explosa
973 2016 1055 2074 omni
1084 2015 1236 2074 diabolicae
1270 2015 1384 2073 fraudis

182 2116 326 2193 nequitis,
342 2116 439 2173 virtus
452 2121 512 2172 tuse
526 2115 583 2191 maj
588 2115 690 2172 estatis
703 2109 829 2172 sssistat.
874 2114 932 2172 Per
944 2103 1118 2171 Dominum.

241 2215 356 2275 Deinde
383 2220 555 2289 aspergetur
588 2212 667 2288 ignis
693 2232 714 2270 n
740 2212 868 2270 Proeieto
903 2232 983 2287 nqnn
1014 2211 1180 2282 tenetisn-
1214 2219 1241 2270 et
1267 2209 1384 2287 impleto

182 2311 330 2370 tltnritnio
348 2312 382 2368 de
395 2310 462 2384 igne
476 2308 619 2368 benedicto
633 2317 660 2366 et
673 2307 787 2366 incenso
802 2308 945 2367 benedicto
963 2330 983 2366 n
996 2308 1132 2381 Proemto,
1143 2316 1247 2384 posteo
1260 2307 1385 2367 oomnis

182 2410 275 2481 cereis,
287 2407 416 2466 videlieet
431 2417 491 2465 tem
505 2405 590 2465 cereis
600 2426 620 2463 a
631 2403 811 2479 ceroferariis
821 2405 987 2480 deportetis,
1002 2426 1092 2480 qnam
1100 2425 1176 2464 cereo
1185 2404 1277 2464 taem
1289 2402 1384 2480 affine,

183 2507 217 2564 de
232 2506 298 2580 ione
316 2504 467 2576 beimdicto,
484 2503 581 2562 redeat
595 2503 629 2561 in
643 2501 763 2560 oleorum
773 2502 915 2578 processio
930 2522 964 2560 en
970 2511 1059 2578 postte
1069 2501 1184 2575 boreali,
1196 2510 1223 2560 et
1235 2500 1386 2560 Proehttns

183 2622 249 2660 enm
276 2602 421 2660 ministris
448 2609 473 2658 et
494 2599 654 2676 nrnjoribns
674 2598 793 2658 ecciesiae
809 2599 1016 2674 processionem
1033 2607 1180 2674 seqemtm,
1203 2597 1386 2674 semermis

183 2698 350 2757 canentibus
363 2698 506 2772 hymnum
520 2703 699 2771 sequentem:

426 2794 571 2850 Inventor
585 2792 672 2849 rutili
686 2792 749 2848 dux
762 2793 838 2849 bone
851 2791 982 2866 luminis,

426 2887 486 2959 Qui
500 2887 588 2945 certis
602 2887 719 2946 visibus
732 2893 866 2965 tempore
878 2888 1006 2961 dividis3

425 2985 526 3042 Merso
540 2984 600 3042 sole
614 2985 701 3043 chaos
714 2986 828 3063 ingruit
841 2987 1003 3058 horridum,

425 3081 542 3137 Lumen
555 3080 646 3138 redde
659 3081 728 3154 tuis,
744 3082 871 3156 Christe,
885 3080 1029 3140 fidelibus.

248 3178 362 3238 Ohorns
374 3179 544 3255 respomleat
557 3176 760 3254 Antiphonem
772 3200 782 3236 :
803 3180 957 3238 Inventor.

359 3275 389 3334 V.
428 3274 571 3345 eremvis
585 3275 742 3335 innumero
760 3277 855 3334 sidere
869 3277 980 3354 regiam

426 3371 599 3447 Lunsrique
612 3371 715 3447 polum
728 3372 863 3449 lampade
876 3373 1018 3450 pinxeris,

426 3469 553 3526 Incussu
566 3468 658 3527 silicis
671 3467 786 3526 lumina
798 3488 852 3526 nos
866 3475 966 3528 temen

426 3563 577 3622 Monstras
592 3563 732 3642 saxigeno
746 3565 864 3632 lumine
872 3585 1012 3642 quaerere.

650 3661 771 3722 Olrorns.
808 3664 960 3722 Inventor.

360 3758 388 3817 V.
427 3757 473 3814 Tu
487 3757 542 3814 lux
556 3776 625 3814 vere
640 3759 741 3833 oculis,
756 3759 803 3818 Tu
816 3779 933 3837 quoquo
946 3761 1098 3834 sensibus3

427 3855 517 3912 Intus
530 3854 577 3910 Tu
591 3855 752 3930 speculum,
767 3856 814 3914 Tu
827 3856 979 3933 speculum
991 3856 1082 3930 foris3

429 3953 554 4025 Lumen,
570 3951 650 4028 quod
666 3951 813 4010 famulans
827 3952 926 4025 offero,
941 3951 1056 4030 suscipe

428 4049 568 4108 Tinctum
582 4048 696 4125 pacifici
709 4048 876 4107 chrismatis
888 4048 1028 4126 unguine.

651 4144 771 4206 Chorus.
807 4145 960 4205 Inventor.

362 4244 391 4303 V.
430 4243 489 4300 Per
503 4241 659 4300 Christum
672 4241 816 4318 genitum,
831 4259 945 4298 summe
958 4240 1058 4312 Peter,
1072 4246 1168 4313 tuum,

428 4339 468 4395 In
481 4357 540 4415 quo
553 4336 679 4397 visibilis
692 4343 752 4396 stet
766 4335 835 4395 'I'ibi
846 4336 956 4415 glorie:
