2850 4800
182 301 245 363 148
476 274 720 366 Domintece'n
732 301 856 368 Remis
869 303 1087 372 Petitarum.

483 527 645 588 Donnnos
666 530 796 599 Querens
818 531 1081 602 Qoannsansrms.

246 609 285 667 Ut
298 628 398 685 capra.

241 705 351 765 Oratio.

239 801 380 871 Concede,
409 819 585 876 quaesumus,
615 801 802 879 omnipotens
830 803 921 878 Deus,
944 811 981 863 ut
1004 807 1120 884 quiex
1142 808 1251 867 merito
1275 817 1384 870 nostra

177 896 301 955 actionis
315 897 481 973 affligimur,
497 905 557 956 tuae
577 898 680 976 gratiae
701 901 900 960 consolatione
919 903 1104 980 respiremus.
1148 906 1209 965 Per
1229 907 1387 968 Christum

177 992 349 1050 Dominum.

579 1151 742 1210 Domnrcs
762 1168 796 1211 rr
816 1153 978 1214 Pass10nn.

243 1229 282 1288 Ut
295 1250 394 1306 separa.

237 1326 348 1385 Oratio.

237 1424 420 1497 Quaesumus,
436 1424 623 1501 omnipotens
637 1424 728 1499 Deus,
744 1426 890 1485 familiam
906 1433 991 1486 tuam
1003 1429 1151 1508 propitius
1164 1431 1285 1511 respice,
1298 1440 1336 1493 ut
1348 1441 1380 1495 te

174 1520 317 1597 largiente
337 1525 459 1596 regatur
471 1521 503 1577 in
517 1539 646 1597 corpore,
661 1528 692 1580 et
706 1527 736 1580 te
750 1531 886 1583 servante
907 1527 1091 1586 custodiatur
1113 1528 1146 1589 in
1167 1535 1277 1590 mente.
1319 1531 1380 1591 Per

176 1617 330 1675 Christum
344 1617 519 1674 Dominum.

504 1775 665 1834 Donnnca
687 1793 720 1834 nr
741 1777 845 1835 Rarus
866 1777 1052 1838 Parnason.

232 1925 304 1984 Post
314 1924 507 2001 aspersionem
517 1944 602 2000 oquae
614 1923 771 1997 benedicta,
784 1925 856 1984 daea
866 1926 1210 2004 distabanntarpalmae,
1222 1939 1379 1993 metentur

170 2030 317 2099 aeqeeentee
330 2020 526 2098 Antiphone:

231 2119 410 2197 Antiphone.

231 2219 323 2277 Pueri
347 2217 546 2275 Hebraeorum
567 2215 707 2274 tollentes
734 2235 831 2274 ramos
855 2216 1002 2275 olivarum
1026 2217 1226 2278 obviaverunt
1244 2221 1377 2284 Domino

169 2317 331 2376 clamantes
345 2321 376 2373 et
390 2313 538 2387 dicentes3
560 2313 680 2371 Osanna
693 2313 726 2370 in
740 2313 869 2372 excelsis.

231 2413 411 2490 Antiphone.

230 2511 323 2569 Pueri
349 2510 548 2567 Hebraeorum
570 2507 750 2565 vestimenta
772 2507 1000 2584 prosternebant
1026 2508 1059 2566 in
1080 2509 1131 2568 ria
1152 2515 1184 2569 et
1204 2511 1376 2574 clamabant

168 2608 317 2681 dicentes;
357 2606 478 2666 Osanna
511 2604 574 2662 filio
608 2603 727 2662 David:
765 2603 945 2662 Benedictus
978 2604 1032 2681 qui
1064 2605 1149 2664 venit
1185 2606 1220 2666 in
1252 2612 1375 2670 nomine

168 2704 300 2763 Domini.

227 2799 406 2875 Antiphone.

228 2895 349 2953 Osanna
369 2896 431 2953 filio
451 2895 570 2953 David:
590 2892 771 2952 Benedictus
791 2893 844 2969 qui
865 2893 950 2951 venit
970 2893 1003 2950 in
1023 2893 1143 2952 nomine
1163 2895 1372 2973 Domini,'rex

166 2993 278 3052 Israel:
301 2992 467 3050 Osannain
480 2990 610 3049 excelsis.

171 3090 202 3151 V.
228 3088 451 3168 (scandentis).
474 3089 523 3146 Ex
536 3108 586 3146 ore
599 3087 761 3146 infantium
775 3092 806 3146 et
816 3085 992 3146 lactentium
1004 3088 1154 3166 perfecisti
1166 3088 1294 3151 laudem.

228 3185 337 3245 Oratio.

226 3284 422 3360 Omnipotens
444 3283 622 3359 sempiterne
644 3283 736 3355 Deus,
751 3283 803 3359 qui
817 3282 981 3341 Dominum
999 3289 1134 3342 nostrum
1149 3285 1172 3344 J
1173 3305 1256 3344 esum
1271 3287 1369 3347 Ohris·

163 3388 231 3442 tum
244 3380 291 3437 die
305 3397 475 3455 azymorum
488 3397 575 3454 super
588 3376 703 3454 pullum
717 3378 806 3436 asinae
823 3378 922 3437 sedere
935 3379 1059 3437 voluisti
1072 3399 1105 3438 ac
1118 3400 1226 3457 pueros
1239 3382 1365 3442 Hebrae-

163 3497 249 3538 orum
270 3476 448 3533 vestimenta
468 3473 516 3532 vel
539 3492 636 3531 ramos
659 3474 805 3532 olivarum
828 3475 862 3532 in
885 3474 966 3534 viam
987 3480 1118 3534 sternere
1142 3481 1174 3535 et
1196 3477 1231 3536 in
1247 3477 1368 3539 landem

161 3575 254 3654 ipsius
276 3573 396 3631 Osanna
415 3572 477 3629 filio
498 3570 598 3629 David
617 3571 773 3629 decantare
793 3572 920 3630 docuisti
929 3592 939 3646 ,·
960 3573 1007 3645 da,
1028 3592 1206 3650 quaesumus,
1226 3580 1263 3633 ut
1282 3575 1368 3635 inno·

161 3671 292 3732 centium
306 3675 337 3727 et
350 3668 468 3726 laudem
481 3667 514 3725 in
527 3666 638 3744 templo
659 3666 851 3725 clamantium
865 3674 896 3727 et
910 3687 1012 3726 eorum
1032 3670 1139 3728 merita
1151 3669 1185 3727 in
1197 3670 1368 3731 caelestibus

160 3768 300 3844 consequi
313 3785 485 3824 mereamur.
529 3764 589 3822 Per
602 3763 756 3823 Christum
770 3764 943 3823 Dominum.

219 3865 334 3924 Deinde
341 3862 481 3940 procedat
494 3861 640 3920 Procesaio
654 3862 801 3920 cantando
814 3861 890 3922 dane
902 3860 1104 3938 Antipatenam
1113 3886 1124 3923 .-

218 3962 302 4019 Ante
322 3980 375 4018 sex
395 3959 456 4018 dies
477 3957 683 4017 sollemnitatis
704 3957 833 4031 Pascha,
849 3958 968 4035 quando
981 3957 1066 4016 venit
1082 3958 1231 4019 Dominus
1243 3961 1278 4018 in
1291 3962 1363 4021 civi·

157 4063 250 4117 tatem
264 4056 464 4129 Hierusalem,
479 4059 670 4113 occurrerunt
684 4053 713 4111 ei
725 4053 819 4130 pueri,
835 4055 911 4111 etin
927 4054 1064 4112 manibus
1084 4055 1244 4131 portabant
1265 4077 1363 4119 ramos

156 4154 330 4232 palmarum,
359 4157 390 4210 et
413 4151 581 4209 clamabant
604 4169 675 4209 voce
702 4169 810 4227 magna
833 4149 982 4208 dicentes:
1014 4149 1136 4208 Osanna
1161 4151 1196 4210 in
1218 4154 1362 4217 excelsis:

156 4250 343 4321 Benedictus,
380 4248 433 4324 qui
465 4247 577 4305 venisti
610 4247 643 4304 in
676 4245 871 4305 multitudine
904 4245 1130 4306 misericordiae:
1172 4246 1295 4308 Osanna
1327 4250 1361 4309 in

155 4347 288 4409 excelsis.
