2850 4800
406 234 572 300 Manuale
586 236 634 301 nd
647 256 753 301 arura
765 235 903 302 Soram.

327 434 331 441 ’
424 467 687 527 1111110110
708 466 894 526 01111110.

118 613 195 674 Onne
208 612 356 671 Dominus
369 612 522 670 vobiscum
534 622 561 669 et
575 614 709 671 Oremus
754 612 864 673 Oratio.

117 695 314 770 Omnipotens
335 693 513 770 sempiterne
540 694 631 763 Deus,
654 698 770 751 0101101
791 695 908 771 generis
930 694 1068 769 humani,
1090 694 1196 775 supplidl

56 783 140 834 tuam
163 774 350 832 clementiam
373 793 537 846 exoramus,
551 779 588 831 ut
608 774 664 832 hoc
683 793 783 833 semen
802 775 882 851 quod
894 776 928 832 in
940 782 998 835 tuo
1017 784 1120 836 sancto
1139 774 1196 835 1011

55 854 150 914 sutmi
178 873 278 912 sumus
305 854 338 911 in
364 874 449 931 agros
474 860 600 926 nostros,
628 854 739 912 caelesti
760 855 965 914 benedictione
989 854 1194 937 benedicenti<

57 935 255 1012 multiplicare
268 940 358 1011 atque
371 935 409 993 ad
423 935 627 992 maturitatem
647 935 806 1010 perducere
818 936 958 1012 digneris,
972 942 1012 995 ut
1024 958 1080 1015 por
1091 938 1196 997 univers

56 1017 158 1074 orbem
171 1023 317 1073 terrarum
331 1015 515 1072 collaudetur
527 1014 650 1072 dextera
662 1020 723 1073 tua
766 1016 825 1073 Per
838 1016 1004 1075 Dominum
1019 1024 1159 1077 nostrum.

117 1097 231 1156 Deinde
244 1104 418 1172 nepeerpctur
430 1115 511 1170 aqna
524 1094 670 1154 mediata
682 1115 771 1172 snper
783 1116 885 1155 temere.

141 1305 404 1365 BENEDIOTIO
424 1305 645 1364 POMORUM
666 1305 717 1363 IN
738 1306 814 1363 DIE
834 1306 993 1365 SANOTI
1013 1309 1173 1369 Jnconn

119 1456 195 1515 Onne
209 1454 356 1511 Dominus
370 1454 561 1512 vobiscumet
575 1454 708 1511 Oramus.
752 1452 862 1513 Oratio.

118 1536 255 1605 Domine,
285 1540 385 1591 sancte
412 1533 511 1606 Pater,
539 1533 726 1610 omnipotens
751 1540 861 1593 reterne
887 1534 980 1605 Deus,
1005 1537 1063 1612 qui
1089 1538 1129 1596 ad
1150 1536 1196 1595 iuli

58 1617 163 1674 mundi
186 1620 324 1672 ornatum
342 1615 390 1671 die
410 1615 500 1671 tertia
521 1614 637 1691 lignum
657 1614 835 1690 pomiferum
854 1615 949 1673 facere
967 1616 1108 1675 fructum
1123 1616 1196 1695 inpi

56 1696 230 1774 praecepisti,
247 1695 357 1770 quique
373 1714 507 1752 amarum
519 1694 609 1752 vetiti
627 1695 709 1770 pomi
728 1714 862 1771 saporem
874 1696 993 1773 antiqui
1011 1699 1161 1774 serpentis
1171 1717 1196 1755 au

57 1798 75 1835 a
88 1777 222 1853 patribus
235 1776 344 1832 nostris
357 1781 509 1851 gustatum
522 1775 671 1852 unigeniti
683 1775 739 1833 filii
752 1776 799 1833 tui
812 1776 937 1833 Domini
949 1779 1049 1835 nostri
1061 1780 1085 1838 J
1086 1799 1140 1838 esu
1152 1778 1196 1839 on

56 1858 190 1934 passione
210 1856 332 1913 salutari
354 1875 415 1913 non
437 1854 547 1913 sentire
568 1861 700 1931 posteros
720 1855 797 1915 lilios
817 1856 997 1915 naturaliter
1018 1858 1183 1933 voluistis

57 1939 168 1995 sanitas
202 1943 232 1993 et
276 1955 363 1993 omne
398 1937 647 1994 medicamentum
680 1937 764 1995 venit
774 1957 784 2009 ;
825 1956 995 2014 quaesumus
1032 1938 1196 1999 inenarrali

56 2021 197 2095 pictatem
223 2024 316 2087 tuam,
341 2023 375 2072 ut
398 2017 478 2074 hunc
504 2025 650 2075 novorum
675 2036 831 2093 pomorum
851 2017 983 2076 fructum
1007 2024 1063 2077 tuo
1094 2040 1196 2098 conspe

57 2100 190 2157 oblatum
204 2095 421 2176 beneffldicerc
433 2103 463 2153 01
474 2095 702 2176 1111011>14110110
716 2098 854 2175 digneris,
869 2098 1012 2174 quatinus
1026 2102 1128 2159 sancti
1139 2120 1196 2179 apor

57 2181 104 2237 tui
119 2180 141 2237 J
143 2180 226 2237 acobi
239 2183 269 2235 ct
283 2178 422 2252 martyris
442 2178 488 2234 tui
509 2177 715 2254 Christophori
731 2197 858 2255 quornm
870 2178 959 2237 hodie
971 2178 1051 2237 festa
1071 2182 1196 2241 celebrat

56 2261 247 2335 omniumque
271 2264 440 2315 serratorum
463 2264 584 2314 tuorum
606 2259 720 2316 meritis
741 2278 776 2317 ac
795 2259 939 2335 precibus,
962 2260 1141 2339 quicunque
1165 2262 1196 2321 lid

56 2343 102 2398 tui
116 2361 181 2398 cum
203 2339 367 2416 gratiarum
388 2339 503 2395 actione
527 2357 565 2395 ex
587 2358 621 2396 eo
634 2340 829 2414 gustaverint,
852 2340 1011 2398 sanitatem
1034 2344 1150 2401 mentis
1162 2350 1191 2401 et

56 2422 144 2496 poris,
159 2426 298 2496 operante
311 2419 344 2475 in
358 2418 400 2475 eis
414 2419 530 2494 Spiritu
545 2418 662 2489 Sancto,
676 2421 824 2495 percipere
837 2426 1015 2480 mereantur.
1061 2422 1126 2481 Per
1138 2444 1196 2483 eun

57 2502 226 2559 Dominum.
270 2501 310 2557 In
324 2499 440 2556 unitate
454 2499 585 2575 ejusdcm
599 2498 728 2576 Spiritus
741 2500 844 2558 Sancti
857 2500 948 2559 Deus.

406 2709 670 2769 nnnnnrorro
692 2710 920 2769 romonum.
964 2676 968 2683 ’

117 2861 195 2920 011111
210 2858 356 2916 Dominus
369 2858 521 2915 vobiscum
535 2867 561 2916 et
576 2858 708 2917 Orcmus.
753 2856 863 2917 Oratio.

117 2941 159 2997 Te
180 2942 377 3016 deprecamur,
403 2939 588 3015 omnipotens
613 2939 704 3010 Deus,
728 2944 765 2996 ut
787 2936 991 3018 beneffldicas
1018 2940 1102 3000 hunc
1130 2944 1196 3003 fruc

56 3039 200 3079 novorum
214 3039 377 3095 pomorum,
392 3024 428 3076 ut
448 3020 501 3094 qui
514 3038 552 3076 ex
565 3018 678 3076 arboris
699 3019 796 3077 letalis
817 3026 848 3077 et
869 3019 950 3096 pomi
970 3020 1004 3076 in
1025 3022 1129 3097 primo
1141 3045 1196 3101 par

51 3103 135 3176 justa
148 3100 260 3156 funeris
274 3100 421 3166 sententia
441 3099 578 3156 mulctati
597 3118 707 3170 sumus,
721 3119 775 3176 per
787 3099 1017 3159 illustrationem
1030 3102 1119 3161 unici
1132 3104 1196 3163 Fili

56 3180 264 3256 Redemptoris
294 3180 353 3236 Dei
375 3199 409 3236 ac
434 3179 556 3236 Domini
582 3179 679 3237 nostri
699 3180 775 3238 Jesu
808 3179 929 3254 Christi,
950 3187 981 3238 et
1002 3180 1141 3259 Spiritus
1162 3186 1196 3244 Sa

55 3261 290 3319 benedictionem
325 3260 506 3317 sanctificata
533 3260 594 3317 sint
628 3260 729 3318 omnia
754 3266 845 3337 atque
876 3261 1040 3333 benedicta,
1070 3264 1196 3343 depulsi

55 3342 145 3418 primi
157 3341 295 3399 facinoris
310 3341 500 3398 intentatoris
520 3340 636 3398 insidiis
656 3340 814 3398 salubriter
827 3360 866 3399 ex
877 3341 968 3418 hujus
981 3341 1042 3401 diei
1055 3347 1196 3406 annivers

55 3423 253 3480 sollemnitate
281 3422 404 3478 diversis
430 3420 517 3478 terris
544 3421 656 3478 edenda
682 3422 817 3499 germina
842 3441 1000 3481 sumamus.
1045 3424 1108 3483 Per
1136 3447 1196 3487 eun

55 3504 226 3561 Dominum.
270 3502 310 3558 In
324 3502 440 3558 unitate
453 3500 592 3576 ejusdem.

115 3584 228 3644 Deinde
242 3582 380 3640 Sacerdos
393 3589 529 3657 nsperqat
542 3600 576 3640 ee
589 3601 669 3655 nque
683 3582 835 3641 benedicto.

356 3784 618 3842 BENEDIOTIO
645 3784 955 3846 ELEEMOSYNAE

116 3933 193 3993 Onrn
208 3931 355 3989 Dominus
370 3929 561 3986 vobiscumet
576 3929 709 3987 Oremus.
755 3929 864 3989 Oratio.

116 4014 266 4089 Deprecor
289 4018 328 4082 te,
354 4009 492 4079 Domine,
517 4015 617 4068 sancte
638 4009 739 4084 Pater,
758 4012 947 4088 omnipotens
974 4019 1088 4074 aeterne
1109 4018 1196 4079 Deus

53 4096 144 4153 istam
174 4094 388 4166 eleemosynam
418 4087 639 4168 beneffldicere
662 4096 693 4148 et
717 4091 900 4151 sanctificare
919 4092 1049 4169 digneris
1077 4117 1135 4174 pro
1163 4122 1196 4160 az

53 4174 158 4233 famuli
179 4173 226 4229 tui
246 4171 286 4229 N.
303 4171 340 4228 ad
360 4169 523 4227 remedium
543 4176 574 4228 et
594 4170 796 4229 remissionem
815 4178 1001 4249 peccatorum
1022 4193 1159 4257 suorum,
1176 4203 1196 4241 u

53 4256 119 4313 luco
132 4260 192 4311 tuse
205 4251 384 4308 amaenitatis
397 4250 461 4308 sine
474 4251 533 4308 fine
547 4251 674 4309 laetetur.
717 4251 777 4311 Per
790 4253 954 4311 Dominum
967 4260 1115 4319 nostrum.

113 4334 227 4391 Deinde
241 4338 373 4406 asperque
386 4330 526 4390 »Sacerdos
539 4350 625 4407 sepner
638 4352 702 4391 enne
716 4352 826 4408 aquom
843 4334 1024 4394 benedietmn.
