2850 4800
175 310 239 371 114
342 354 346 360 ·
511 307 560 373 In
581 307 704 375 Sancto
725 306 867 374 Sabbata
887 307 1035 374 Pascha.

171 495 277 552 redimi
297 495 463 571 profuisset.
507 497 648 555 Osanote
668 497 767 568 Pater,
783 516 873 572 quam
896 497 972 554 mira
994 498 1071 555 circa
1093 518 1153 556 nos¹
1170 504 1231 557 tuae
1256 500 1380 577 pietatis

171 593 312 669 dignatio.
366 594 391 651 O
419 594 637 652 inaestimabilis
663 594 783 653 dilectio
811 594 962 653 caritatis:
997 601 1034 652 ut
1060 615 1182 654 servum
1209 597 1380 671 redimeres,

171 688 267 745 filium
280 690 439 748 tradidisti.
482 690 508 749 Ο
523 696 602 748 certe
621 690 819 748 necessarium
832 690 909 747 Adae
923 696 1076 766 peccatum
1091 697 1122 749 et
1135 697 1282 766 nostrum,
1297 695 1379 771 quod

172 786 285 845 Christi
298 794 393 846 morte
407 788 538 846 deletum
552 793 604 846 est.
657 788 683 846 0
697 788 771 845 felix
785 787 881 864 culpa,
897 807 963 863 quae
977 788 1070 846 talam
1084 808 1118 847 ao
1132 794 1253 848 tantum
1266 793 1379 850 meruit
1394 814 1398 824 ’

170 885 278 942 habere
298 885 522 961 redemptorem.
567 885 695 943 Obeata
714 904 786 958 nox,
801 904 867 960 quae
889 884 952 942 sola
974 886 1083 942 meruit
1107 886 1181 945 scire
1202 893 1323 965 tempus
1346 895 1378 947 et

169 980 282 1050 horam,
304 981 337 1037 in
359 1001 418 1057 qua
441 981 577 1038 Christus
599 981 636 1038 ab
650 979 761 1038 ‘inferis
780 980 951 1038 resurrexit.
1002 981 1079 1039 Haec
1099 999 1161 1040 nox
1181 987 1234 1054 est,
1257 983 1295 1040 de
1315 1003 1377 1060 qua

169 1078 313 1153 scriptum
327 1084 388 1136 est:
410 1079 451 1135 Et
465 1098 526 1135 nox
540 1083 576 1134 ut
589 1077 651 1134 dies
671 1076 911 1134 illuminabitur:
932 1082 963 1133 et
977 1076 1049 1134 Nox
1067 1078 1249 1136 illuminatio
1263 1099 1330 1137 mea
1343 1080 1394 1136 in·

169 1175 282 1231 deliciis
306 1177 386 1232 meis.
440 1175 542 1251 Hujus
566 1174 659 1251 igitur
680 1174 875 1231 sanctificatio
898 1174 996 1231 noctis
1019 1173 1104 1250 fugat
1128 1175 1248 1248 scelera,
1274 1177 1378 1254 culpas

169 1270 253 1342 lavit,
269 1279 299 1329 et
313 1273 410 1329 reddit
427 1272 628 1331 innocentiam
648 1270 737 1346 lapsis
758 1276 789 1327 et
810 1269 920 1327 maestis
941 1270 1096 1343 laetitiam3
1117 1270 1203 1348 fugat
1217 1273 1294 1345 odia,
1310 1293 1378 1333 con-

169 1370 299 1426 cordiam
312 1375 406 1445 parat,
422 1375 452 1427 et
466 1376 570 1426 curvat
585 1368 717 1444 imperia.
761 1367 821 1425 Hic
828 1376 924 1442 ponat
940 1367 1093 1426 incensant
1100 1388 1156 1443 per
1170 1387 1289 1428 cracem.
1335 1370 1375 1428 In

168 1467 258 1542 liujus
272 1467 366 1541 igitur
379 1466 474 1524 noctis
488 1467 584 1542 gratia
598 1465 720 1542 suscipe,
736 1470 836 1522 sancte
851 1464 950 1536 Pater,
967 1464 1080 1522 incensi
1093 1465 1184 1542 hujus
1198 1467 1378 1527 sacrificium

169 1563 380 1638 vespertinum,
393 1565 472 1638 quod
482 1564 539 1620 tibi
549 1564 582 1619 in
590 1563 645 1620 hac
655 1562 731 1620 cerei
741 1561 891 1620 oblatione
902 1560 1038 1618 sollemni
1048 1562 1256 1621 ministrorum
1267 1583 1376 1623 manus

168 1660 207 1716 de
219 1659 357 1734 operibus
370 1679 460 1735 apum
474 1665 659 1717 sacrosancta
672 1659 772 1716 reddit
792 1658 920 1715 ecclesia.
965 1657 1022 1716 Sed
1038 1659 1103 1734 jam
1124 1659 1268 1719 columnae
1282 1661 1376 1738 hujus

167 1756 314 1831 praeconia
329 1757 466 1813 novimus
487 1776 577 1832 quam
597 1757 630 1812 in
649 1757 792 1814 honorem
813 1756 872 1813 Dei
892 1756 1021 1813 rutilans
1034 1756 1113 1832 ignis
1127 1757 1269 1816 accendit
1313 1757 1377 1818 Hic

167 1854 351 1910 accendatur.
396 1854 456 1922 Qui
469 1854 538 1911 licet
552 1854 663 1911 divisus
677 1855 710 1910 in
723 1860 822 1930 partes
835 1854 968 1910 mutuati
981 1853 1104 1910 luminis
1117 1853 1299 1913 detrimenta
1313 1875 1376 1914 non

167 1949 260 2021 novit,
276 1949 368 2006 alitur
388 1949 572 2026 liquantibus
589 1950 671 2020 ceris,
687 1968 760 2025 quas
780 1949 813 2005 in
833 1949 1033 2006 substantiam
1047 1949 1182 2025 pretiosae
1196 1949 1288 2026 hujus
1302 1950 1376 2009 lam-

167 2048 251 2124 padis
265 2054 360 2105 mater
376 2068 445 2124 apes
459 2048 585 2106 eduxit·
617 2048 643 2106 Ο
657 2066 727 2104 vere
741 2048 829 2104 beata
842 2066 912 2118 nox,
930 2066 996 2121 quae
1010 2046 1189 2122 exspoliavit
1203 2047 1375 2125 AEgyptios,

166 2144 278 2201 ditavit
291 2145 454 2218 Hebraeos3
470 2165 540 2217 nox,
552 2146 586 2201 in
600 2163 659 2220 qua
672 2143 798 2200 terrenis
812 2143 940 2201 caelestia
949 2143 1128 2219 junguntur.
1165 2142 1293 2202 Oramus
1304 2164 1375 2223 ergo

166 2248 204 2314 te,
220 2241 356 2313 Domine,
371 2247 407 2299 ut
427 2261 527 2300 cereus
541 2243 597 2299 iste
611 2242 644 2298 in
658 2240 800 2297 honorem
819 2239 949 2296 nominis
963 2239 1011 2296 tui
1023 2244 1211 2296 consecratus
1225 2240 1263 2296 ad
1276 2240 1375 2300 noctis

165 2339 255 2415 hujus
266 2340 421 2416 caliginem
432 2339 643 2398 destruendam
656 2337 829 2395 indeficiens
843 2342 1020 2413 perseveret,
1033 2342 1123 2412 atque
1133 2335 1166 2392 in
1176 2336 1296 2394 odorem
1307 2357 1373 2396 sua-

165 2436 269 2493 vitatis
283 2443 429 2512 acceptus,
444 2437 580 2513 supernis
594 2433 793 2492 luminaribus
807 2433 974 2491 misceatur.
1011 2432 1160 2490 Flammas
1174 2433 1238 2509 ejus
1252 2434 1374 2494 Lucifer

165 2530 332 2586 matutinus
352 2531 496 2602 inveniat,
515 2530 575 2603 ille,
591 2530 724 2607 inquam,
740 2529 861 2587 Lucifer
881 2531 933 2606 qui
953 2529 1049 2588 nescit
1069 2548 1204 2587 occasum
1213 2549 1223 2602 3
1247 2530 1300 2590 ille
1320 2533 1375 2609 qui

165 2645 313 2702 regressus
327 2628 365 2683 ab
378 2627 482 2684 inferis
502 2627 633 2685 humano
651 2628 752 2705 generi
768 2646 889 2685 serenus
909 2626 1019 2684 illuxit.
1063 2626 1225 2684 Precamur
1245 2635 1370 2706 argete,

166 2722 303 2793 Domine,
318 2729 354 2780 ut
368 2743 421 2780 nos
435 2724 561 2781 famulos
579 2730 656 2798 tuos,
672 2743 790 2782 omnem
808 2723 920 2781 clerum
934 2729 965 2780 ot
978 2721 1203 2780 devotissimum
1215 2725 1371 2801 populum,

56 2833 58 2837 ’
162 2835 306 2878 unacum
320 2827 406 2898 patre
419 2828 520 2879 nostro
534 2841 611 2898 papa
624 2822 663 2880 N.
680 2828 711 2879 et
724 2841 792 2897 rege
805 2826 908 2878 nostro
922 2819 962 2877 N.
978 2838 1095 2877 necnon
1107 2825 1138 2877 et
1152 2819 1372 2900 archiepiscopo

164 2924 266 2976 nostro
280 2918 315 2975 N
314 2963 331 2990 .‚
348 2919 447 2995 quiete
464 2925 632 2995 temporum
652 2938 797 2989 concessa,
812 2917 845 2974 in
858 2917 905 2974 his
925 2916 1112 2992 paschalibus
1124 2916 1241 2994 gaudiis
1254 2937 1372 2977 conser-

165 3034 236 3072 vare
250 3015 390 3092 digneris.
813 3060 816 3066 .

227 3112 286 3168 Per
306 3111 471 3168 Dominum
490 3116 626 3168 nostrum
644 3113 666 3170 J
668 3131 751 3169 esum
772 3111 925 3169 Christum
944 3110 1058 3168 Filium
1077 3117 1173 3184 tuum,
1189 3112 1251 3181 Qui
1271 3119 1372 3173 tecum

165 3209 243 3267 vivit
266 3216 296 3267 et
320 3217 425 3287 regnat
450 3210 484 3267 in
511 3210 628 3269 unitate
656 3209 786 3286 Spiritus
814 3208 917 3268 Sancti
944 3209 1036 3282 Deus,
1057 3208 1118 3268 Per
1138 3211 1239 3270 omnis
1262 3214 1371 3273 saecula

165 3307 348 3365 saeculorum
391 3307 501 3365 Arnen.

227 3405 332 3462 Postea
352 3413 457 3480 septem
473 3404 563 3482 paeri
580 3405 614 3462 in
635 3403 856 3481 Snpnpelliceie
868 3404 913 3464 vel
924 3403 959 3462 in
973 3403 1057 3464 Albis
1069 3403 1105 3464 in
1117 3404 1201 3465 choro
1215 3404 1372 3468 Maniam

165 3500 242 3560 lanc
256 3510 380 3573 cantent,
396 3501 481 3560 choro
494 3501 665 3561 alternatim
678 3502 868 3578 respondente
882 3501 942 3560 eis:

370 3598 468 3675 Kyrie
483 3598 610 3674 eleyson.

371 3696 490 3754 Christe
504 3695 631 3771 eleyson.

372 3794 491 3852 Ohriste
504 3793 575 3851 audi
588 3812 650 3851 nos.

313 3919 317 3927 ·
372 3892 463 3949 Pater
476 3890 512 3948 de
525 3890 604 3948 oaelis
617 3891 710 3961 Deus,
728 3888 867 3947 miserere
880 3888 974 3946 nobis.

370 3988 439 4059 Fili,
456 3987 639 4063 Redemptor
652 3985 758 4042 mundi
772 3986 864 4055 Deus,
879 3984 1017 4042 miaerere
1030 3983 1123 4042 nobis

371 4085 501 4162 Spiritus
515 4084 623 4142 Sancte
636 4083 728 4156 Deus,
744 4083 882 4140 miserere
895 4081 988 4140 nobis.

371 4181 480 4238 Sancta
493 4179 633 4251 Trinitas
649 4198 727 4237 unus
740 4179 833 4251 Deus,
847 4178 984 4236 miserere
997 4177 1089 4236 nobis

337 4331 340 4338 .
372 4277 480 4335 Sancta
493 4276 600 4349 Maria,
616 4295 667 4334 oia
680 4295 733 4352 pro
747 4275 839 4334 nobis.

371 4376 478 4435 Sancte
492 4375 631 4448 Michacl,
648 4395 700 4434 ora
712 4394 766 4451 pro
780 4374 873 4435 nobis.
