2866 4846
108 952 290 1038 ORDO
351 951 441 1033 AD
503 949 922 1034 FACIENDAM
982 952 1231 1053 AQUAM

433 1130 908 1215 BENEDIOTAM.

495 1486 693 1546 Exoac1suus
712 1485 842 1556 Aona*

123 1640 290 1699 Benedictio
303 1639 376 1698 solio
389 1647 415 1698 et
429 1659 512 1715 dqnoe
526 1639 560 1698 in
573 1639 675 1698 diebus
687 1638 854 1697 Dominicis
859 1641 919 1714 fiat
932 1638 984 1698 icc
997 1640 1082 1698 modo
1092 1665 1102 1699 .-

304 1746 502 1822 Adjutorium
514 1752 651 1804 nostrum
664 1745 697 1802 in
709 1744 831 1804 nomine
844 1744 970 1802 Domini
984 1766 990 1803 :

346 1843 407 1912 Qui
419 1842 491 1900 feeit
504 1843 609 1901 caelum
623 1848 654 1900 et
667 1847 788 1900 terram,

197 1971 200 1975 ⁴
305 1939 353 1997 Sit
366 1958 475 1997 nomen
488 1938 615 1997 Domini
628 1939 818 1997 benedictum
832 1960 839 1997 :

345 2035 393 2091 Ex
407 2035 470 2106 hoc,
485 2054 574 2107 nunc,
590 2040 621 2092 et
634 2053 729 2110 usque
742 2035 776 2094 in
789 2035 939 2094 saeculum.

121 2139 289 2198 Benedictio
303 2137 376 2197 solis
388 2139 450 2196 sine
464 2138 598 2196 Oramus·

120 2236 266 2294 Exoroizo
279 2243 320 2306 te,
335 2238 471 2290 creatura
485 2233 563 2305 salis,
574 2252 628 2308 per
642 2232 739 2290 Deum
751 2231 793 2312 ›1‹
802 2233 916 2305 vivum,
930 2251 985 2309 per
999 2231 1271 2312 Deumffiverum

59 2351 116 2410 per
137 2328 443 2409 Deumffisanctum,
468 2346 522 2404 per
545 2329 645 2385 Deum
669 2329 722 2404 qui
745 2335 776 2386 te
800 2348 854 2406 per
877 2328 1011 2386 Eliseum
1037 2329 1212 2405 prophetam
1239 2331 1272 2387 in

60 2445 172 2503 aquam
193 2426 276 2482 mitti
295 2423 396 2498 jussit,
412 2429 447 2481 ut
469 2429 625 2480 sanaretur
642 2423 784 2481 sterilitas
801 2443 906 2500 aquae;
927 2430 963 2481 ut
985 2424 1121 2483 efficiaris
1143 2425 1195 2497 sal,
1211 2425 1271 2485 Hie

59 2521 199 2598 respiciat
221 2520 274 2593 sol,
301 2520 501 2576 exorcizatum
523 2520 557 2576 in
580 2519 709 2577 salutem
732 2521 924 2594 credentium,
953 2526 990 2577 ut
1013 2521 1054 2578 sis
1077 2521 1215 2579 omnibus
1238 2527 1269 2580 te

59 2617 252 2676 sumentibus
269 2616 380 2674 sanitas
400 2616 507 2673 anima
531 2622 562 2673 et
582 2616 711 2692 corporis
722 2636 731 2689 3
758 2622 790 2674 et
813 2617 936 2694 effugiat
959 2621 1049 2694 atque
1076 2617 1207 2676 discedat
1229 2619 1269 2676 ab

57 2733 93 2773 eo
118 2713 182 2771 loeo
201 2729 263 2789 quo
286 2730 421 2787 aspersus
445 2710 536 2768 fueris
559 2710 657 2768 omnis
680 2698 837 2787 phantasia
857 2717 889 2771 et
910 2713 1046 2788 nequitia
1066 2715 1115 2773 vel
1135 2715 1268 2772 versutia

56 2809 210 2868 diabolica
230 2807 354 2879 fraudis,
370 2807 524 2883 omnisque
544 2807 668 2884 spiritus
688 2808 870 2883 immundus,
885 2809 1040 2885 adjuratus
1056 2830 1111 2887 per
1128 2830 1196 2869 eum
1214 2812 1267 2888 qui

56 2913 203 2966 venturus
216 2911 262 2965 est
271 2905 408 2982 judicare
421 2905 506 2962 vivos
520 2911 551 2962 et
563 2910 698 2963 mortuos
712 2911 743 2964 et
756 2907 896 2964 saeculum
909 2907 1082 2984 perignem.
1125 2908 1234 2967 Amen.

119 3004 255 3062 Oramus.

117 3101 299 3160 Immensam
313 3100 502 3159 clementiam
515 3105 609 3173 tuam,
622 3100 812 3178 omnipotens
825 3106 935 3160 aeterne
945 3101 1037 3175 Deus,
1049 3103 1205 3161 humiliter
1218 3104 1271 3161 im-

54 3200 215 3278 ploramus,
230 3200 291 3258 Hic
310 3199 447 3276 respiciat
465 3199 608 3257 Sacerdos
628 3199 681 3271 sol,
698 3205 735 3255 ut
755 3199 832 3256 hano
852 3205 1020 3258 creaturam
1041 3201 1110 3258 salis
1129 3221 1218 3277 quam
1238 3202 1271 3260 in

55 3317 145 3356 usum
158 3297 260 3373 generi
274 3297 404 3354 humano
416 3296 559 3366 tribuisti,
571 3294 794 3375 benoffldicere
807 3303 839 3354 et
852 3296 1085 3377 sanctiffifioare
1096 3303 1150 3356 tua
1159 3300 1271 3375 pietate

55 3393 195 3472 digneris,
210 3400 246 3451 ut
260 3393 301 3451 sit
314 3393 452 3451 omnibus
466 3392 652 3450 sumentibus
665 3393 745 3450 salus
761 3395 871 3451 mentis
885 3401 916 3452 et
929 3395 1068 3472 corporis,
1084 3401 1115 3452 et
1129 3396 1270 3472 quicquid

55 3512 95 3551 ex
117 3512 151 3552 eo
171 3497 287 3551 tactum
310 3490 359 3548 vel
379 3509 546 3566 respersum
566 3490 666 3563 fuerit,
689 3496 788 3549 careat
810 3492 892 3550 omni
916 3492 1109 3550 immunditia
1130 3495 1270 3570 omnique

54 3591 279 3666 impugnatione
299 3587 464 3666 spiritualis
484 3588 634 3665 nequitia.
677 3588 737 3646 Per
762 3588 914 3647 Christum
936 3591 1101 3649 Dominum
1121 3597 1265 3657 nostrum.

56 3687 167 3744 Amen.

116 3782 283 3842 Benedictio
297 3802 382 3859 oqnae
395 3782 458 3842 sine
474 3781 609 3840 Oramus.

116 3878 259 3938 Exercizo
272 3885 310 3952 te,
326 3885 460 3938 creatura
474 3898 567 3955 aquae,
583 3878 616 3936 in
629 3878 750 3938 nomine
764 3881 823 3938 Dei
832 3879 874 3960 ›1‹
884 3881 984 3939 Patris
998 3881 1220 3959 omnipotentis,
1235 3891 1267 3942 et

52 3977 87 4035 in
100 3976 221 4035 nomine
234 3976 256 4036 J
258 3974 481 4056 esufflOhristi,
494 3976 566 4034 Filii
580 3976 652 4052 ejus,
669 3977 794 4035 Domini
806 3978 910 4051 nostri,
921 3985 952 4037 et
965 3979 998 4036 in
1008 3978 1122 4036 virtute
1136 3979 1266 4053 Spiritus

53 4074 214 4155 fflSanoti,
238 4081 274 4133 ut
297 4075 352 4133 fias
375 4095 451 4152 aqua
475 4074 642 4134 exorcizata
668 4075 706 4133 ad
729 4077 916 4153 effugandam
940 4095 1058 4134 omnem
1085 4058 1263 4151 potestatem

52 4173 187 4248 inimici3
208 4179 239 4231 et
258 4173 356 4250 ipsum
375 4172 531 4232 inimicum
551 4173 699 4232 eradicare
720 4180 750 4232 et
770 4173 944 4249 explantare
957 4173 1057 4230 valeas
1070 4193 1138 4231 cum
1152 4173 1264 4253 angelis

271 4327 284 4354 ⁸
301 4327 346 4374 Sao
355 4325 408 4373 also
418 4329 432 4354 “
440 4326 509 4372 York
519 4325 626 4385 Missal,”
637 4326 737 4373 Surtees
748 4326 854 4385 Society,
864 4324 912 4373 vol.
923 4324 947 4371 ii.
958 4338 982 4384 p.
994 4325 1044 4372 193.

644 4420 666 4459 A
