<?xml version="1.0" encoding="UTF-8"?>
<!DOCTYPE html PUBLIC "-//W3C//DTD XHTML 1.0 Transitional//EN"
    "http://www.w3.org/TR/xhtml1/DTD/xhtml1-transitional.dtd">
<html xmlns="http://www.w3.org/1999/xhtml" xml:lang="en" lang="en">
 <head>
  <title>
</title>
<meta http-equiv="Content-Type" content="text/html;charset=utf-8" />
  <meta name='ocr-system' content='tesseract 3.04.00' />
  <meta name='ocr-capabilities' content='ocr_page ocr_carea ocr_par ocr_line ocrx_word'/>
</head>
<body>
  <div class='ocr_page' id='page_1' title='image "./manualeetproces00churgoog_0113.png"; bbox 0 0 2850 4800; ppageno 0'>
   <div class='ocr_carea' id='block_1_1' title="bbox 166 1151 1019 1229">
    <p class='ocr_par' dir='ltr' id='par_1_1' title="bbox 166 1151 1019 1229">
     <span class='ocr_line' id='line_1_1' title="bbox 166 1151 1019 1229; baseline -0.004 -17"><span class='ocrx_word' id='word_1_1' title='bbox 166 1154 306 1226; x_wconf 75' lang='lat' dir='ltr'>‚mi-ne,</span> <span class='ocrx_word' id='word_1_2' title='bbox 331 1153 370 1211; x_wconf 85' lang='lat' dir='ltr'>ad</span> <span class='ocrx_word' id='word_1_3' title='bbox 405 1151 710 1228; x_wconf 68' lang='lat' dir='ltr'>adju-vandum</span> <span class='ocrx_word' id='word_1_4' title='bbox 736 1171 783 1210; x_wconf 89' lang='lat' dir='ltr'>me</span> <span class='ocrx_word' id='word_1_5' title='bbox 823 1151 1019 1229; x_wconf 89' lang='lat' dir='ltr'>re-spi-co.</span> 
     </span>
    </p>
   </div>
   <div class='ocr_carea' id='block_1_2' title="bbox 148 1319 1360 4415">
    <p class='ocr_par' dir='ltr' id='par_1_2' title="bbox 187 1319 1358 1918">
     <span class='ocr_line' id='line_1_2' title="bbox 209 1319 389 1396; baseline -0.011 -18"><span class='ocrx_word' id='word_1_6' title='bbox 209 1319 389 1396; x_wconf 73' lang='lat' dir='ltr'>Antiphone.</span> 
     </span>
     <span class='ocr_line' id='line_1_3' title="bbox 235 1572 1358 1722; baseline 0.002 -46"><span class='ocrx_word' id='word_1_7' title='bbox 235 1618 275 1676; x_wconf 79' lang='lat' dir='ltr'>Sa</span> <span class='ocrx_word' id='word_1_8' title='bbox 286 1652 297 1662; x_wconf 93' lang='lat'><em>-</em></span> <span class='ocrx_word' id='word_1_9' title='bbox 310 1637 358 1689; x_wconf 88' lang='lat' dir='ltr'>na,</span> <span class='ocrx_word' id='word_1_10' title='bbox 378 1615 567 1674; x_wconf 73' lang='lat' dir='ltr'>Domi-ne.</span> <span class='ocrx_word' id='word_1_11' title='bbox 805 1572 1358 1722; x_wconf 50' lang='lat' dir='ltr'><em>Q</em></span> 
     </span>
     <span class='ocr_line' id='line_1_4' title="bbox 823 1744 1295 1806; baseline 0.002 -3"><span class='ocrx_word' id='word_1_12' title='bbox 823 1781 824 1785; x_wconf 60' lang='lat'><em>=</em></span> <span class='ocrx_word' id='word_1_13' title='bbox 897 1744 1295 1806; x_wconf 81' lang='lat' dir='ltr'><strong>E-V·0·V-A·E.</strong></span> 
     </span>
     <span class='ocr_line' id='line_1_5' title="bbox 187 1840 837 1918; baseline 0.005 -20"><span class='ocrx_word' id='word_1_14' title='bbox 187 1853 188 1856; x_wconf 75' lang='grc'>’</span> <span class='ocrx_word' id='word_1_15' title='bbox 210 1840 350 1899; x_wconf 78' lang='lat' dir='ltr'>Paatmua</span> <span class='ocrx_word' id='word_1_16' title='bbox 363 1840 440 1918; x_wconf 79' lang='lat' dir='ltr'><em>(xl.)</em></span> <span class='ocrx_word' id='word_1_17' title='bbox 835 1884 837 1888; x_wconf 91' lang='lat'>-</span> 
     </span>
    </p>

    <p class='ocr_par' dir='ltr' id='par_1_3' title="bbox 152 1933 1358 2095">
     <span class='ocr_line' id='line_1_6' title="bbox 211 1933 1358 2014; baseline 0 -19"><span class='ocrx_word' id='word_1_18' title='bbox 211 1937 333 2009; x_wconf 78' lang='lat' dir='ltr'><strong>Beatus,</strong></span> <span class='ocrx_word' id='word_1_19' title='bbox 348 1938 400 2012; x_wconf 91' lang='lat' dir='ltr'>qui</span> <span class='ocrx_word' id='word_1_20' title='bbox 414 1934 558 2014; x_wconf 85' lang='lat' dir='ltr'>intelligit</span> <span class='ocrx_word' id='word_1_21' title='bbox 571 1953 659 2011; x_wconf 88' lang='lat' dir='ltr'>super</span> <span class='ocrx_word' id='word_1_22' title='bbox 673 1952 798 2013; x_wconf 83' lang='lat' dir='ltr'>egenum</span> <span class='ocrx_word' id='word_1_23' title='bbox 811 1939 843 1992; x_wconf 93' lang='lat' dir='ltr'>et</span> <span class='ocrx_word' id='word_1_24' title='bbox 856 1953 1032 2012; x_wconf 80' lang='lat' dir='ltr'>pauperem:</span> <span class='ocrx_word' id='word_1_25' title='bbox 1053 1935 1086 1992; x_wconf 90' lang='lat' dir='ltr'>in</span> <span class='ocrx_word' id='word_1_26' title='bbox 1100 1935 1148 1995; x_wconf 87' lang='lat' dir='ltr'>die</span> <span class='ocrx_word' id='word_1_27' title='bbox 1161 1933 1241 1995; x_wconf 75' lang='lat' dir='ltr'>mala</span> <span class='ocrx_word' id='word_1_28' title='bbox 1251 1934 1358 1995; x_wconf 57' lang='lat' dir='ltr'>liberor</span> 
     </span>
     <span class='ocr_line' id='line_1_7' title="bbox 152 2035 714 2095; baseline -0.004 -1"><span class='ocrx_word' id='word_1_29' title='bbox 152 2036 198 2095; x_wconf 92' lang='lat' dir='ltr'>bit</span> <span class='ocrx_word' id='word_1_30' title='bbox 211 2055 280 2094; x_wconf 89' lang='lat' dir='ltr'>eum</span> <span class='ocrx_word' id='word_1_31' title='bbox 293 2035 450 2093; x_wconf 85' lang='lat' dir='ltr'>Dominus.</span> <span class='ocrx_word' id='word_1_32' title='bbox 713 2044 714 2047; x_wconf 76' lang='grc'>’</span> 
     </span>
    </p>

    <p class='ocr_par' dir='ltr' id='par_1_4' title="bbox 151 2131 1355 2307">
     <span class='ocr_line' id='line_1_8' title="bbox 212 2131 1355 2206; baseline -0.001 -13"><span class='ocrx_word' id='word_1_33' title='bbox 212 2135 361 2193; x_wconf 81' lang='lat' dir='ltr'>Dominus</span> <span class='ocrx_word' id='word_1_34' title='bbox 384 2138 537 2193; x_wconf 84' lang='lat' dir='ltr'>conservet</span> <span class='ocrx_word' id='word_1_35' title='bbox 558 2152 635 2206; x_wconf 89' lang='lat' dir='ltr'>eum,</span> <span class='ocrx_word' id='word_1_36' title='bbox 650 2138 681 2191; x_wconf 93' lang='lat' dir='ltr'>et</span> <span class='ocrx_word' id='word_1_37' title='bbox 695 2131 827 2190; x_wconf 84' lang='lat' dir='ltr'>vivificet</span> <span class='ocrx_word' id='word_1_38' title='bbox 848 2152 924 2206; x_wconf 88' lang='lat' dir='ltr'>eum,</span> <span class='ocrx_word' id='word_1_39' title='bbox 940 2138 972 2191; x_wconf 93' lang='lat' dir='ltr'>et</span> <span class='ocrx_word' id='word_1_40' title='bbox 991 2134 1112 2192; x_wconf 84' lang='lat' dir='ltr'>beatum</span> <span class='ocrx_word' id='word_1_41' title='bbox 1131 2133 1221 2193; x_wconf 84' lang='lat' dir='ltr'>faciat</span> <span class='ocrx_word' id='word_1_42' title='bbox 1239 2151 1310 2193; x_wconf 88' lang='lat' dir='ltr'>eum</span> <span class='ocrx_word' id='word_1_43' title='bbox 1322 2131 1355 2192; x_wconf 90' lang='lat' dir='ltr'>in</span> 
     </span>
     <span class='ocr_line' id='line_1_9' title="bbox 151 2229 1048 2307; baseline -0.001 -16"><span class='ocrx_word' id='word_1_44' title='bbox 151 2240 247 2292; x_wconf 87' lang='lat' dir='ltr'>terra:</span> <span class='ocrx_word' id='word_1_45' title='bbox 269 2237 300 2290; x_wconf 89' lang='lat' dir='ltr'>et</span> <span class='ocrx_word' id='word_1_46' title='bbox 313 2251 375 2290; x_wconf 90' lang='lat' dir='ltr'>non</span> <span class='ocrx_word' id='word_1_47' title='bbox 388 2232 489 2290; x_wconf 86' lang='lat' dir='ltr'>tradat</span> <span class='ocrx_word' id='word_1_48' title='bbox 502 2251 571 2290; x_wconf 92' lang='lat' dir='ltr'>eum</span> <span class='ocrx_word' id='word_1_49' title='bbox 584 2232 618 2289; x_wconf 93' lang='lat' dir='ltr'>in</span> <span class='ocrx_word' id='word_1_50' title='bbox 631 2231 759 2290; x_wconf 85' lang='lat' dir='ltr'>animam</span> <span class='ocrx_word' id='word_1_51' title='bbox 774 2229 964 2289; x_wconf 88' lang='lat' dir='ltr'>inimicorum</span> <span class='ocrx_word' id='word_1_52' title='bbox 977 2231 1048 2307; x_wconf 87' lang='lat' dir='ltr'>ejus.</span> 
     </span>
    </p>

    <p class='ocr_par' dir='ltr' id='par_1_5' title="bbox 152 2327 1357 2503">
     <span class='ocr_line' id='line_1_10' title="bbox 212 2327 1357 2407; baseline 0.003 -20"><span class='ocrx_word' id='word_1_53' title='bbox 212 2329 360 2388; x_wconf 79' lang='lat' dir='ltr'><strong>Dominus</strong></span> <span class='ocrx_word' id='word_1_54' title='bbox 370 2348 457 2406; x_wconf 91' lang='lat' dir='ltr'>opem</span> <span class='ocrx_word' id='word_1_55' title='bbox 466 2330 543 2388; x_wconf 83' lang='lat' dir='ltr'>ferat</span> <span class='ocrx_word' id='word_1_56' title='bbox 552 2329 599 2387; x_wconf 86' lang='lat' dir='ltr'>illi</span> <span class='ocrx_word' id='word_1_57' title='bbox 608 2328 817 2407; x_wconf 88' lang='lat' dir='ltr'>superlectum</span> <span class='ocrx_word' id='word_1_58' title='bbox 826 2328 937 2387; x_wconf 85' lang='lat' dir='ltr'>doloris</span> <span class='ocrx_word' id='word_1_59' title='bbox 946 2329 1028 2406; x_wconf 84' lang='lat' dir='ltr'>ejus:</span> <span class='ocrx_word' id='word_1_60' title='bbox 1044 2327 1357 2390; x_wconf 77' lang='lat' dir='ltr'>universum-stratum</span> 
     </span>
     <span class='ocr_line' id='line_1_11' title="bbox 152 2425 674 2503; baseline 0.002 -20"><span class='ocrx_word' id='word_1_61' title='bbox 152 2427 215 2502; x_wconf 84' lang='lat' dir='ltr'>ejus</span> <span class='ocrx_word' id='word_1_62' title='bbox 229 2426 355 2484; x_wconf 74' lang='lat' dir='ltr'>versasti</span> <span class='ocrx_word' id='word_1_63' title='bbox 368 2426 401 2483; x_wconf 93' lang='lat' dir='ltr'>in</span> <span class='ocrx_word' id='word_1_64' title='bbox 414 2425 589 2484; x_wconf 86' lang='lat' dir='ltr'>infirmitate</span> <span class='ocrx_word' id='word_1_65' title='bbox 602 2425 674 2503; x_wconf 84' lang='lat' dir='ltr'>ejus</span> 
     </span>
    </p>

    <p class='ocr_par' dir='ltr' id='par_1_6' title="bbox 151 2519 1360 2679">
     <span class='ocr_line' id='line_1_12' title="bbox 213 2519 1360 2600; baseline 0.003 -22"><span class='ocrx_word' id='word_1_66' title='bbox 213 2522 277 2600; x_wconf 83' lang='lat' dir='ltr'>Ego</span> <span class='ocrx_word' id='word_1_67' title='bbox 291 2521 374 2580; x_wconf 85' lang='lat' dir='ltr'>dixi:</span> <span class='ocrx_word' id='word_1_68' title='bbox 395 2521 533 2595; x_wconf 89' lang='lat' dir='ltr'>Domine,</span> <span class='ocrx_word' id='word_1_69' title='bbox 547 2521 687 2581; x_wconf 87' lang='lat' dir='ltr'>miserere</span> <span class='ocrx_word' id='word_1_70' title='bbox 699 2520 759 2580; x_wconf 89' lang='lat' dir='ltr'>mei</span> <span class='ocrx_word' id='word_1_71' title='bbox 771 2541 778 2580; x_wconf 91' lang='lat'>:</span> <span class='ocrx_word' id='word_1_72' title='bbox 799 2539 871 2580; x_wconf 88' lang='lat' dir='ltr'>sana</span> <span class='ocrx_word' id='word_1_73' title='bbox 883 2519 1015 2580; x_wconf 86' lang='lat' dir='ltr'>animam</span> <span class='ocrx_word' id='word_1_74' title='bbox 1034 2539 1140 2594; x_wconf 86' lang='lat' dir='ltr'>meam,</span> <span class='ocrx_word' id='word_1_75' title='bbox 1154 2520 1227 2599; x_wconf 90' lang='lat' dir='ltr'>quia</span> <span class='ocrx_word' id='word_1_76' title='bbox 1238 2523 1360 2600; x_wconf 78' lang='lat' dir='ltr'>peceavi</span> 
     </span>
     <span class='ocr_line' id='line_1_13' title="bbox 151 2620 216 2679; baseline 0 0"><span class='ocrx_word' id='word_1_77' title='bbox 151 2620 216 2679; x_wconf 88' lang='lat' dir='ltr'>tibi.</span> 
     </span>
    </p>

    <p class='ocr_par' dir='ltr' id='par_1_7' title="bbox 151 2713 1358 2883">
     <span class='ocr_line' id='line_1_14' title="bbox 213 2713 1358 2794; baseline 0.004 -22"><span class='ocrx_word' id='word_1_78' title='bbox 213 2715 335 2774; x_wconf 83' lang='lat' dir='ltr'>Inimici</span> <span class='ocrx_word' id='word_1_79' title='bbox 348 2713 408 2778; x_wconf 88' lang='lat' dir='ltr'>mei</span> <span class='ocrx_word' id='word_1_80' title='bbox 420 2715 565 2773; x_wconf 88' lang='lat' dir='ltr'>dixerunt</span> <span class='ocrx_word' id='word_1_81' title='bbox 578 2713 657 2772; x_wconf 87' lang='lat' dir='ltr'>mala</span> <span class='ocrx_word' id='word_1_82' title='bbox 670 2713 763 2773; x_wconf 88' lang='lat' dir='ltr'>mihi:</span> <span class='ocrx_word' id='word_1_83' title='bbox 783 2713 911 2786; x_wconf 82' lang='lat' dir='ltr'><strong>Quando</strong></span> <span class='ocrx_word' id='word_1_84' title='bbox 923 2714 1076 2789; x_wconf 88' lang='lat' dir='ltr'>morietur,</span> <span class='ocrx_word' id='word_1_85' title='bbox 1086 2720 1118 2774; x_wconf 88' lang='lat' dir='ltr'>et</span> <span class='ocrx_word' id='word_1_86' title='bbox 1127 2714 1238 2794; x_wconf 79' lang='lat' dir='ltr'>peribit</span> <span class='ocrx_word' id='word_1_87' title='bbox 1247 2734 1358 2776; x_wconf 83' lang='lat' dir='ltr'>nomon</span> 
     </span>
     <span class='ocr_line' id='line_1_15' title="bbox 151 2808 235 2883; baseline 0 -18"><span class='ocrx_word' id='word_1_88' title='bbox 151 2808 235 2883; x_wconf 68' lang='lat' dir='ltr'>ejusd</span> 
     </span>
    </p>

    <p class='ocr_par' dir='ltr' id='par_1_8' title="bbox 150 2901 1358 3082">
     <span class='ocr_line' id='line_1_16' title="bbox 211 2901 1358 2986; baseline 0.006 -26"><span class='ocrx_word' id='word_1_89' title='bbox 211 2902 254 2960; x_wconf 85' lang='lat' dir='ltr'>Et</span> <span class='ocrx_word' id='word_1_90' title='bbox 275 2902 302 2960; x_wconf 89' lang='lat' dir='ltr'>si</span> <span class='ocrx_word' id='word_1_91' title='bbox 322 2901 546 2980; x_wconf 74' lang='lat' dir='ltr'>ingrediebatur</span> <span class='ocrx_word' id='word_1_92' title='bbox 566 2907 602 2960; x_wconf 90' lang='lat' dir='ltr'>ut</span> <span class='ocrx_word' id='word_1_93' title='bbox 624 2901 746 2975; x_wconf 87' lang='lat' dir='ltr'>videret,</span> <span class='ocrx_word' id='word_1_94' title='bbox 761 2922 840 2962; x_wconf 86' lang='lat' dir='ltr'>vana</span> <span class='ocrx_word' id='word_1_95' title='bbox 855 2903 1053 2982; x_wconf 75' lang='lat' dir='ltr'>loquebatur:</span> <span class='ocrx_word' id='word_1_96' title='bbox 1081 2924 1132 2964; x_wconf 85' lang='lat' dir='ltr'>eor</span> <span class='ocrx_word' id='word_1_97' title='bbox 1149 2904 1218 2982; x_wconf 82' lang='lat' dir='ltr'>ojus</span> <span class='ocrx_word' id='word_1_98' title='bbox 1236 2923 1358 2986; x_wconf 72' lang='lat' dir='ltr'>congre</span> 
     </span>
     <span class='ocr_line' id='line_1_17' title="bbox 150 2999 520 3082; baseline 0.003 -24"><span class='ocrx_word' id='word_1_99' title='bbox 150 2999 234 3082; x_wconf 80' lang='lat' dir='ltr'>gavit</span> <span class='ocrx_word' id='word_1_100' title='bbox 248 2999 441 3077; x_wconf 86' lang='lat' dir='ltr'>iniquitatem</span> <span class='ocrx_word' id='word_1_101' title='bbox 454 3001 520 3059; x_wconf 87' lang='lat' dir='ltr'>sibi.</span> 
     </span>
    </p>

    <p class='ocr_par' dir='ltr' id='par_1_9' title="bbox 213 3097 964 3177">
     <span class='ocr_line' id='line_1_18' title="bbox 213 3097 964 3177; baseline 0.001 -19"><span class='ocrx_word' id='word_1_102' title='bbox 213 3097 430 3176; x_wconf 80' lang='lat' dir='ltr'>Egrediebatur</span> <span class='ocrx_word' id='word_1_103' title='bbox 442 3098 530 3171; x_wconf 80' lang='lat' dir='ltr'>foras,</span> <span class='ocrx_word' id='word_1_104' title='bbox 544 3104 576 3156; x_wconf 92' lang='lat' dir='ltr'>et</span> <span class='ocrx_word' id='word_1_105' title='bbox 589 3097 766 3176; x_wconf 78' lang='lat' dir='ltr'>loquebatur</span> <span class='ocrx_word' id='word_1_106' title='bbox 779 3099 813 3157; x_wconf 90' lang='lat' dir='ltr'>in</span> <span class='ocrx_word' id='word_1_107' title='bbox 825 3098 964 3177; x_wconf 79' lang='lat' dir='ltr'>idipsum.</span> 
     </span>
    </p>

    <p class='ocr_par' dir='ltr' id='par_1_10' title="bbox 151 3196 1356 3353">
     <span class='ocr_line' id='line_1_19' title="bbox 211 3196 1356 3278; baseline 0.005 -24"><span class='ocrx_word' id='word_1_108' title='bbox 211 3196 384 3255; x_wconf 83' lang='lat' dir='ltr'>Adversum</span> <span class='ocrx_word' id='word_1_109' title='bbox 396 3216 444 3256; x_wconf 91' lang='lat' dir='ltr'>me</span> <span class='ocrx_word' id='word_1_110' title='bbox 458 3197 653 3256; x_wconf 77' lang='lat' dir='ltr'>susurrabant</span> <span class='ocrx_word' id='word_1_111' title='bbox 665 3216 767 3258; x_wconf 86' lang='lat' dir='ltr'>omnes</span> <span class='ocrx_word' id='word_1_112' title='bbox 779 3197 895 3257; x_wconf 89' lang='lat' dir='ltr'>inimici</span> <span class='ocrx_word' id='word_1_113' title='bbox 907 3199 984 3258; x_wconf 89' lang='lat' dir='ltr'>mei:</span> <span class='ocrx_word' id='word_1_114' title='bbox 1006 3198 1166 3258; x_wconf 81' lang='lat' dir='ltr'>adversum</span> <span class='ocrx_word' id='word_1_115' title='bbox 1178 3217 1227 3258; x_wconf 90' lang='lat' dir='ltr'>mo</span> <span class='ocrx_word' id='word_1_116' title='bbox 1246 3199 1356 3278; x_wconf 73' lang='lat' dir='ltr'>cogita·</span> 
     </span>
     <span class='ocr_line' id='line_1_20' title="bbox 151 3293 415 3353; baseline 0.004 -1"><span class='ocrx_word' id='word_1_117' title='bbox 151 3293 227 3352; x_wconf 86' lang='lat' dir='ltr'>bant</span> <span class='ocrx_word' id='word_1_118' title='bbox 239 3293 320 3352; x_wconf 87' lang='lat' dir='ltr'>mala</span> <span class='ocrx_word' id='word_1_119' title='bbox 332 3293 415 3353; x_wconf 82' lang='lat' dir='ltr'>mihi</span> 
     </span>
    </p>

    <p class='ocr_par' dir='ltr' id='par_1_11' title="bbox 150 3389 1356 3567">
     <span class='ocr_line' id='line_1_21' title="bbox 211 3389 1356 3472; baseline 0.006 -25"><span class='ocrx_word' id='word_1_120' title='bbox 211 3389 348 3448; x_wconf 89' lang='lat' dir='ltr'>Verbum</span> <span class='ocrx_word' id='word_1_121' title='bbox 361 3391 499 3468; x_wconf 91' lang='lat' dir='ltr'>iniquum</span> <span class='ocrx_word' id='word_1_122' title='bbox 512 3392 733 3453; x_wconf 73' lang='lat' dir='ltr'>constituerimt</span> <span class='ocrx_word' id='word_1_123' title='bbox 745 3390 904 3452; x_wconf 84' lang='lat' dir='ltr'>adversum</span> <span class='ocrx_word' id='word_1_124' title='bbox 916 3410 984 3453; x_wconf 86' lang='lat' dir='ltr'>me:</span> <span class='ocrx_word' id='word_1_125' title='bbox 1005 3392 1164 3471; x_wconf 86' lang='lat' dir='ltr'>Numquid</span> <span class='ocrx_word' id='word_1_126' title='bbox 1173 3391 1227 3472; x_wconf 92' lang='lat' dir='ltr'>qui</span> <span class='ocrx_word' id='word_1_127' title='bbox 1235 3392 1356 3470; x_wconf 85' lang='lat' dir='ltr'>dormit,</span> 
     </span>
     <span class='ocr_line' id='line_1_22' title="bbox 150 3486 562 3567; baseline 0.007 -22"><span class='ocrx_word' id='word_1_128' title='bbox 150 3505 212 3545; x_wconf 88' lang='lat' dir='ltr'>non</span> <span class='ocrx_word' id='word_1_129' title='bbox 224 3486 346 3564; x_wconf 85' lang='lat' dir='ltr'>adjiciet</span> <span class='ocrx_word' id='word_1_130' title='bbox 358 3494 394 3546; x_wconf 90' lang='lat' dir='ltr'>ut</span> <span class='ocrx_word' id='word_1_131' title='bbox 407 3490 562 3567; x_wconf 79' lang='lat' dir='ltr'>resurgatt</span> 
     </span>
    </p>

    <p class='ocr_par' dir='ltr' id='par_1_12' title="bbox 148 3582 1356 3761">
     <span class='ocr_line' id='line_1_23' title="bbox 211 3582 1356 3666; baseline 0.009 -27"><span class='ocrx_word' id='word_1_132' title='bbox 211 3582 333 3641; x_wconf 85' lang='lat' dir='ltr'>Etenim</span> <span class='ocrx_word' id='word_1_133' title='bbox 356 3582 445 3642; x_wconf 91' lang='lat' dir='ltr'>homo</span> <span class='ocrx_word' id='word_1_134' title='bbox 465 3585 547 3662; x_wconf 84' lang='lat' dir='ltr'>pacis</span> <span class='ocrx_word' id='word_1_135' title='bbox 565 3605 647 3659; x_wconf 82' lang='lat' dir='ltr'>meae,</span> <span class='ocrx_word' id='word_1_136' title='bbox 661 3584 695 3644; x_wconf 92' lang='lat' dir='ltr'>in</span> <span class='ocrx_word' id='word_1_137' title='bbox 713 3605 773 3664; x_wconf 91' lang='lat' dir='ltr'>quo</span> <span class='ocrx_word' id='word_1_138' title='bbox 792 3584 926 3664; x_wconf 82' lang='lat' dir='ltr'>speravi:</span> <span class='ocrx_word' id='word_1_139' title='bbox 954 3586 1008 3664; x_wconf 90' lang='lat' dir='ltr'>qui</span> <span class='ocrx_word' id='word_1_140' title='bbox 1028 3585 1135 3647; x_wconf 87' lang='lat' dir='ltr'>edebat</span> <span class='ocrx_word' id='word_1_141' title='bbox 1154 3606 1247 3666; x_wconf 83' lang='lat' dir='ltr'>panea</span> <span class='ocrx_word' id='word_1_142' title='bbox 1267 3607 1356 3663; x_wconf 60' lang='lat' dir='ltr'>mooe</span> 
     </span>
     <span class='ocr_line' id='line_1_24' title="bbox 148 3679 809 3761; baseline 0.006 -23"><span class='ocrx_word' id='word_1_143' title='bbox 148 3679 353 3758; x_wconf 80' lang='lat' dir='ltr'>magnificavit</span> <span class='ocrx_word' id='word_1_144' title='bbox 366 3699 516 3758; x_wconf 82' lang='lat' dir='ltr'>superma</span> <span class='ocrx_word' id='word_1_145' title='bbox 529 3683 809 3761; x_wconf 86' lang='lat' dir='ltr'>supplantationem.</span> 
     </span>
    </p>

    <p class='ocr_par' dir='ltr' id='par_1_13' title="bbox 211 3769 1346 3856">
     <span class='ocr_line' id='line_1_25' title="bbox 211 3769 1346 3856; baseline 0.008 -20"><span class='ocrx_word' id='word_1_146' title='bbox 211 3777 258 3836; x_wconf 79' lang='lat' dir='ltr'>Tu</span> <span class='ocrx_word' id='word_1_147' title='bbox 271 3783 381 3851; x_wconf 87' lang='lat' dir='ltr'>autom,</span> <span class='ocrx_word' id='word_1_148' title='bbox 396 3777 535 3852; x_wconf 90' lang='lat' dir='ltr'>Domine,</span> <span class='ocrx_word' id='word_1_149' title='bbox 551 3769 691 3840; x_wconf 89' lang='lat' dir='ltr'>miserere</span> <span class='ocrx_word' id='word_1_150' title='bbox 703 3781 772 3856; x_wconf 86' lang='lat' dir='ltr'>mei,</span> <span class='ocrx_word' id='word_1_151' title='bbox 786 3786 817 3839; x_wconf 90' lang='lat' dir='ltr'>et</span> <span class='ocrx_word' id='word_1_152' title='bbox 830 3781 972 3841; x_wconf 79' lang='lat' dir='ltr'>resuscita</span> <span class='ocrx_word' id='word_1_153' title='bbox 984 3799 1032 3841; x_wconf 87' lang='lat' dir='ltr'>me</span> <span class='ocrx_word' id='word_1_154' title='bbox 1044 3803 1052 3843; x_wconf 92' lang='lat'>:</span> <span class='ocrx_word' id='word_1_155' title='bbox 1073 3788 1106 3842; x_wconf 84' lang='lat' dir='ltr'>et</span> <span class='ocrx_word' id='word_1_156' title='bbox 1118 3782 1284 3844; x_wconf 72' lang='lat' dir='ltr'>retribuam</span> <span class='ocrx_word' id='word_1_157' title='bbox 1296 3783 1346 3845; x_wconf 80' lang='lat' dir='ltr'>eis.</span> 
     </span>
    </p>

    <p class='ocr_par' dir='ltr' id='par_1_14' title="bbox 151 3872 1359 4053">
     <span class='ocr_line' id='line_1_26' title="bbox 210 3872 1359 3960; baseline 0.01 -28"><span class='ocrx_word' id='word_1_158' title='bbox 210 3874 251 3933; x_wconf 92' lang='lat' dir='ltr'>In</span> <span class='ocrx_word' id='word_1_159' title='bbox 263 3873 320 3934; x_wconf 90' lang='lat' dir='ltr'>hoc</span> <span class='ocrx_word' id='word_1_160' title='bbox 333 3872 466 3954; x_wconf 82' lang='lat' dir='ltr'>cognovi,</span> <span class='ocrx_word' id='word_1_161' title='bbox 481 3876 624 3953; x_wconf 92' lang='lat' dir='ltr'>quoniam</span> <span class='ocrx_word' id='word_1_162' title='bbox 636 3876 760 3936; x_wconf 86' lang='lat' dir='ltr'>voluisti</span> <span class='ocrx_word' id='word_1_163' title='bbox 772 3897 839 3939; x_wconf 87' lang='lat' dir='ltr'>me:</span> <span class='ocrx_word' id='word_1_164' title='bbox 859 3879 1001 3958; x_wconf 89' lang='lat' dir='ltr'>quoniam</span> <span class='ocrx_word' id='word_1_165' title='bbox 1022 3898 1084 3938; x_wconf 91' lang='lat' dir='ltr'>non</span> <span class='ocrx_word' id='word_1_166' title='bbox 1100 3879 1245 3960; x_wconf 84' lang='lat' dir='ltr'>gaudebit</span> <span class='ocrx_word' id='word_1_167' title='bbox 1259 3879 1359 3942; x_wconf 85' lang='lat' dir='ltr'>inimi·</span> 
     </span>
     <span class='ocr_line' id='line_1_27' title="bbox 151 3991 1136 4053; baseline 0.011 -23"><span class='ocrx_word' id='word_1_168' title='bbox 151 3991 202 4031; x_wconf 86' lang='lat' dir='ltr'>cua</span> <span class='ocrx_word' id='word_1_169' title='bbox 215 3993 259 4032; x_wconf 81' lang='lat' dir='ltr'>me</span> <span class='ocrx_word' id='word_1_170' title='bbox 319 3994 401 4053; x_wconf 80' lang='lat' dir='ltr'>:uper</span> <span class='ocrx_word' id='word_1_171' title='bbox 413 3994 469 4036; x_wconf 88' lang='lat' dir='ltr'>me.</span> <span class='ocrx_word' id='word_1_172' title='bbox 1134 4027 1136 4032; x_wconf 81' lang='lat'><em>.</em></span> 
     </span>
    </p>

    <p class='ocr_par' dir='ltr' id='par_1_15' title="bbox 149 4070 1357 4415">
     <span class='ocr_line' id='line_1_28' title="bbox 210 4070 1357 4155; baseline 0.01 -26"><span class='ocrx_word' id='word_1_173' title='bbox 210 4070 263 4130; x_wconf 86' lang='lat' dir='ltr'>Me</span> <span class='ocrx_word' id='word_1_174' title='bbox 276 4091 311 4131; x_wconf 86' lang='lat' dir='ltr'>au</span> <span class='ocrx_word' id='word_1_175' title='bbox 351 4093 377 4131; x_wconf 89' lang='lat' dir='ltr'>m</span> <span class='ocrx_word' id='word_1_176' title='bbox 390 4079 513 4153; x_wconf 85' lang='lat' dir='ltr'>proptor</span> <span class='ocrx_word' id='word_1_177' title='bbox 525 4072 728 4134; x_wconf 85' lang='lat' dir='ltr'>innocentiam</span> <span class='ocrx_word' id='word_1_178' title='bbox 747 4076 921 4155; x_wconf 84' lang='lat' dir='ltr'>suscepisti:</span> <span class='ocrx_word' id='word_1_179' title='bbox 943 4081 974 4137; x_wconf 88' lang='lat' dir='ltr'>et</span> <span class='ocrx_word' id='word_1_180' title='bbox 987 4076 1170 4138; x_wconf 84' lang='lat' dir='ltr'>confirmasti</span> <span class='ocrx_word' id='word_1_181' title='bbox 1181 4096 1231 4139; x_wconf 88' lang='lat' dir='ltr'>mo</span> <span class='ocrx_word' id='word_1_182' title='bbox 1243 4078 1278 4140; x_wconf 87' lang='lat' dir='ltr'>in</span> <span class='ocrx_word' id='word_1_183' title='bbox 1289 4096 1357 4142; x_wconf 86' lang='lat' dir='ltr'>con·</span> 
     </span>
     <span class='ocr_line' id='line_1_29' title="bbox 149 4171 535 4236; baseline 0.016 -11"><span class='ocrx_word' id='word_1_184' title='bbox 149 4172 253 4236; x_wconf 76' lang='lat' dir='ltr'>tpoctu</span> <span class='ocrx_word' id='word_1_185' title='bbox 319 4171 368 4228; x_wconf 86' lang='lat' dir='ltr'>in</span> <span class='ocrx_word' id='word_1_186' title='bbox 380 4176 535 4231; x_wconf 71' lang='lat' dir='ltr'>eternum</span> 
     </span>
     <span class='ocr_line' id='line_1_30' title="bbox 212 4259 1353 4351; baseline 0.007 -27"><span class='ocrx_word' id='word_1_187' title='bbox 212 4259 227 4317; x_wconf 87' lang='lat' dir='ltr'>l</span> <span class='ocrx_word' id='word_1_188' title='bbox 287 4267 393 4327; x_wconf 75' lang='lat' dir='ltr'>:dictus</span> <span class='ocrx_word' id='word_1_189' title='bbox 416 4266 565 4330; x_wconf 84' lang='lat' dir='ltr'>Dominus</span> <span class='ocrx_word' id='word_1_190' title='bbox 586 4268 670 4331; x_wconf 85' lang='lat' dir='ltr'>Deus</span> <span class='ocrx_word' id='word_1_191' title='bbox 690 4267 785 4330; x_wconf 76' lang='lat' dir='ltr'>Israel</span> <span class='ocrx_word' id='word_1_192' title='bbox 802 4289 822 4331; x_wconf 81' lang='lat' dir='ltr'>a</span> <span class='ocrx_word' id='word_1_193' title='bbox 840 4269 956 4345; x_wconf 77' lang='lat' dir='ltr'>seculo,</span> <span class='ocrx_word' id='word_1_194' title='bbox 969 4276 1002 4332; x_wconf 90' lang='lat' dir='ltr'>et</span> <span class='ocrx_word' id='word_1_195' title='bbox 1022 4289 1117 4351; x_wconf 84' lang='lat' dir='ltr'>usque</span> <span class='ocrx_word' id='word_1_196' title='bbox 1139 4273 1171 4332; x_wconf 83' lang='lat' dir='ltr'>in</span> <span class='ocrx_word' id='word_1_197' title='bbox 1193 4272 1353 4335; x_wconf 66' lang='lat' dir='ltr'>asculum</span> 
     </span>
     <span class='ocr_line' id='line_1_31' title="bbox 227 4363 486 4415; baseline 0.019 -4"><span class='ocrx_word' id='word_1_198' title='bbox 227 4363 289 4415; x_wconf 80' lang='lat' dir='ltr'>fiat</span> <span class='ocrx_word' id='word_1_199' title='bbox 481 4396 486 4405; x_wconf 51' lang='grc' dir='ltr'><em>ι</em></span> 
     </span>
    </p>
   </div>
   <div class='ocr_carea' id='block_1_3' title="bbox 0 0 1430 4800">
    <p class='ocr_par' dir='ltr' id='par_1_16' title="bbox 0 0 1430 4800">
     <span class='ocr_line' id='line_1_32' title="bbox 0 0 1430 4800; baseline 0 2"><span class='ocrx_word' id='word_1_200' title='bbox 0 0 1430 4800; x_wconf 95' lang='lat' dir='ltr'> </span> 
     </span>
    </p>
   </div>
  </div>
 </body>
</html>
