2850 4800
367 303 455 371 Ordo
477 303 524 370 ad
549 304 772 371 Visitaadum
793 307 990 392 Infirmata.
1059 338 1060 341 ¹
1235 292 1279 374 11

101 502 107 510 ’
205 493 206 498 ¹
234 497 344 557 Sancta
358 458 535 568 Petronella,
543 503 585 571 tu
597 497 685 554 illum
698 497 812 573 adjuva.

233 583 343 653 Sancta
355 592 561 663 Austreberta,
578 599 611 649 tu
624 592 711 649 illum
724 593 839 669 adjuvo.

233 688 345 748 Sancta
358 688 462 760 Hilda,
477 693 512 744 tu
525 687 611 744 illum
625 688 742 764 adjuva.

233 785 344 844 Sancta
358 783 513 854 Ererildis,
527 789 563 841 tu
576 784 662 841 illum
675 785 790 860 adjuva.

231 881 341 940 Sancta
355 880 543 950 Etheldreda,
558 885 593 937 tu
606 880 693 936 illum
706 880 821 955 adjuva.

231 979 342 1038 Omnes
355 983 463 1036 sanctae
477 977 628 1054 Virgines,
645 997 697 1035 vos
710 977 796 1034 illum
809 977 956 1054 adjuvate.

232 1074 344 1133 Omnes
358 1073 468 1146 Sancti,
482 1091 535 1130 vos
548 1073 634 1129 illum
648 1073 797 1149 adjuvate.

230 1170 384 1248 Propitius
398 1175 468 1240 esto,
482 1189 568 1246 parce
582 1169 618 1241 ei,
633 1169 770 1227 Domine.

230 1267 282 1324 Ab
296 1267 378 1324 omni
391 1266 478 1336 malo,
493 1265 586 1346 libera
599 1284 676 1338 eum,
692 1265 830 1322 Domine.

229 1363 282 1421 Ab
295 1363 411 1420 insidiis
424 1362 543 1434 diaboli,
558 1362 651 1420 libera
664 1381 741 1435 eum,
757 1361 892 1420 Domine.

229 1462 262 1517 A
276 1458 442 1533 carnalibus
455 1457 616 1530 desideriis,
627 1458 721 1516 libera
734 1477 811 1529 eum,
826 1458 962 1515 Domine.

228 1556 280 1613 Ab
290 1541 428 1613 omnibus
436 1555 634 1612 immunditiis
642 1556 751 1614 mentis
761 1562 792 1614 et
800 1541 937 1632 corporis,
946 1555 1039 1614 libera
1047 1576 1123 1631 eum,
1134 1558 1269 1616 Domine.

228 1650 261 1706 A
274 1651 373 1707 subita
387 1656 418 1707 et
431 1655 542 1709 aeterna
554 1656 658 1723 morte,
673 1651 767 1708 libera
780 1651 1008 1722 eum,.Domina

229 1746 289 1804 Per
302 1747 477 1822 mysterium
491 1751 599 1804 sanctae
614 1747 835 1804 Inoarnationis
848 1753 916 1819 tuae,
931 1747 1116 1822 liberasum,
1133 1749 1269 1808 Domine.

228 1841 288 1902 Per
301 1842 426 1900 Crucem
440 1847 471 1899 et
484 1841 654 1899 Passionem
668 1847 758 1913 tuam,
773 1842 865 1900 libera
879 1862 955 1917 eum,
971 1844 1106 1902 Domine.

228 1939 288 1997 Per
301 1945 432 1996 sanctam
446 1939 703 1996 Resurrectionem
717 1945 809 2012 tuam,
824 1940 917 1998 libera
929 1960 1006 2014 eum,
1022 1940 1156 2000 Domine.

228 2033 287 2092 Per
299 2033 503 2091 admirabilem
517 2033 731 2092 Ascensionem
744 2041 836 2105 tuam,
850 2036 1033 2108 liberasum,
1049 2035 1186 2096 Domine.

227 2123 287 2190 Per
299 2133 425 2209 gratiam
439 2133 541 2190 Sancti
555 2132 684 2208 Spiritus
697 2132 847 2205 Paracliti,
862 2134 1044 2206 liberasum,
1060 2135 1196 2192 Domine.

227 2228 267 2286 In
280 2228 328 2286 die
337 2228 452 2303 judicii,
468 2228 560 2286 libera
574 2247 650 2300 eum,
666 2229 803 2289 Domine.

226 2324 407 2397 Peccatores,
424 2331 455 2382 te
467 2345 602 2402 rogamus
616 2326 687 2382 audi
700 2345 762 2384 nos.

228 2423 274 2482 Ut
287 2443 355 2481 eum
368 2443 388 2480 a
407 2423 482 2480 lecto
503 2422 688 2499 aegritudinis
701 2422 929 2480 misericorditer
942 2421 1072 2480 relevare
1085 2421 1223 2499 digneris,
1237 2429 1268 2482 11

266 2539 412 2595 rogamus.

226 2615 273 2675 Ut
287 2636 354 2673 eum
368 2636 471 2673 sanum
486 2622 516 2673 et
530 2615 707 2673 incolumem
721 2616 857 2674 Ecclesiae
872 2621 924 2672 tua
939 2620 1048 2673 sanotae
1059 2623 1266 2692 repraesentare

265 2712 402 2787 digneris,
417 2718 448 2768 te
461 2731 606 2787 rogamus,

225 2798 272 2867 Ut
285 2808 485 2865 remissionem
494 2808 625 2865 omnium
635 2815 821 2883 peccatorum
833 2829 951 2867 suorum
966 2809 993 2866 ei
1003 2810 1113 2869 donare
1126 2808 1262 2887 digneris,

263 2910 294 2961 te
307 2923 453 2979 rogamus.

225 2999 272 3056 Ut
285 3019 338 3056 nos
352 2998 492 3056 exaudire
506 2998 644 3074 digneris
659 3005 689 3054 te
703 3017 845 3073 rogamus,

225 3096 284 3152 Fili
298 3096 364 3167 Dei,
380 3101 411 3152 te
425 3115 569 3171 rogamus,
587 3095 656 3150 audi
670 3115 731 3152 nos.

223 3192 328 3268 Agnus
343 3192 409 3262 Dei,
426 3192 478 3267 qui
491 3192 572 3248 tollis
585 3197 704 3266 peccata
718 3192 831 3264 mundi,
846 3211 931 3267 parce
945 3194 981 3264 ei,
998 3194 1135 3253 Domine.

222 3287 327 3362 Agnus
342 3288 408 3357 Dei,
424 3288 476 3362 qui
489 3287 569 3343 tollis
584 3294 702 3362 peccata
715 3288 828 3358 mundi,
841 3289 948 3345 exaudi
962 3309 1038 3360 eum,
1053 3291 1190 3347 Domine.

222 3384 327 3460 Agnus
342 3384 407 3454 Dei,
424 3383 476 3458 qui
489 3382 569 3438 tollis
583 3389 701 3457 peccata
714 3383 826 3455 mundi,
842 3384 978 3441 miserere
993 3386 1028 3456 ei,
1044 3385 1179 3443 Domine.

223 3479 338 3536 Christe
352 3479 422 3536 audi
436 3498 496 3535 nos.

223 3575 316 3650 Kyrie
330 3575 455 3650 eleyson
500 3573 617 3630 Christe
631 3574 759 3649 eleyson.
803 3575 898 3650 Kyrie
913 3575 1038 3652 eleyson.

222 3671 310 3728 Pater
323 3679 431 3727 noster.
476 3670 517 3726 Et
530 3689 567 3726 ne
581 3689 642 3726 nos.
687 3670 743 3726 Sed
758 3670 849 3728 libera
863 3691 924 3731 nos.

222 3765 342 3824 Salvum
356 3766 401 3823 fao
415 3785 534 3822 11111111
547 3772 642 3836 tuum,
658 3765 787 3822 Domine
802 3789 807 3823 :

222 3862 303 3919 Deus
316 3882 407 3933 meus,
424 3868 591 3937 sperantem
605 3862 637 3917 in
652 3868 689 3918 te.

221 3958 408 4031 Convertere,
423 3958 560 4029 Domine,
576 3977 740 4033 usquequo
755 3979 760 4014 :

220 4054 260 4110 Et
273 4054 463 4129 deprecabilis
476 4060 539 4110 esto
553 4072 640 4128 super
654 4073 773 4110 servum
788 4042 881 4111 tuum.

218 4149 308 4206 Mitte
323 4151 363 4221 ei,
380 4150 515 4220 Domine,
532 4150 677 4206 auxilium
692 4150 728 4206 de
742 4156 862 4207 sancto:

219 4247 259 4303 Et
272 4248 307 4305 de
323 4248 395 4304 Sion
409 4254 492 4304 tuere
506 4266 581 4306 eum.

219 4343 305 4400 Nihil
319 4344 453 4419 proficiat
467 4344 604 4401 inimicus
617 4344 650 4401 in
664 4364 714 4402 eo:
