<?xml version="1.0" encoding="UTF-8"?>
<!DOCTYPE html PUBLIC "-//W3C//DTD XHTML 1.0 Transitional//EN"
    "http://www.w3.org/TR/xhtml1/DTD/xhtml1-transitional.dtd">
<html xmlns="http://www.w3.org/1999/xhtml" xml:lang="en" lang="en">
 <head>
  <title>
</title>
<meta http-equiv="Content-Type" content="text/html;charset=utf-8" />
  <meta name='ocr-system' content='tesseract 3.04.00' />
  <meta name='ocr-capabilities' content='ocr_page ocr_carea ocr_par ocr_line ocrx_word'/>
</head>
<body>
  <div class='ocr_page' id='page_1' title='image "./manualeetproces00churgoog_0064.png"; bbox 0 0 2866 4846; ppageno 0'>
   <div class='ocr_carea' id='block_1_1' title="bbox 441 345 1323 434">
    <p class='ocr_par' dir='ltr' id='par_1_1' title="bbox 441 345 1323 434">
     <span class='ocr_line' id='line_1_1' title="bbox 441 345 1323 434; baseline 0.003 -20"><span class='ocrx_word' id='word_1_1' title='bbox 441 345 529 414; x_wconf 83' lang='lat' dir='ltr'><strong>Ordo</strong></span> <span class='ocrx_word' id='word_1_2' title='bbox 551 346 598 412; x_wconf 85' lang='lat' dir='ltr'><strong>ud</strong></span> <span class='ocrx_word' id='word_1_3' title='bbox 613 345 781 432; x_wconf 80' lang='lat' dir='ltr'><strong>faciende</strong></span> <span class='ocrx_word' id='word_1_4' title='bbox 801 345 994 434; x_wconf 78' lang='lat' dir='ltr'><strong>Sponsolio.</strong></span> <span class='ocrx_word' id='word_1_5' title='bbox 1281 357 1323 418; x_wconf 83' lang='lat'><strong>29</strong></span> 
     </span>
    </p>
   </div>
   <div class='ocr_carea' id='block_1_2' title="bbox 103 527 1329 1778">
    <p class='ocr_par' dir='ltr' id='par_1_2' title="bbox 172 527 307 587">
     <span class='ocr_line' id='line_1_2' title="bbox 172 527 307 587; baseline 0 0"><span class='ocrx_word' id='word_1_6' title='bbox 172 527 307 587; x_wconf 87' lang='lat' dir='ltr'><strong>Oremus.</strong></span> 
     </span>
    </p>

    <p class='ocr_par' dir='ltr' id='par_1_3' title="bbox 107 625 1329 1072">
     <span class='ocr_line' id='line_1_3' title="bbox 173 625 1329 702; baseline 0.008 -20"><span class='ocrx_word' id='word_1_7' title='bbox 173 625 370 701; x_wconf 71' lang='lat' dir='ltr'><strong>Omnipotens</strong></span> <span class='ocrx_word' id='word_1_8' title='bbox 390 625 569 702; x_wconf 72' lang='lat' dir='ltr'><strong>sempiterne</strong></span> <span class='ocrx_word' id='word_1_9' title='bbox 582 625 674 696; x_wconf 93' lang='lat' dir='ltr'><strong>Deus,</strong></span> <span class='ocrx_word' id='word_1_10' title='bbox 689 625 742 702; x_wconf 92' lang='lat' dir='ltr'><strong>qui</strong></span> <span class='ocrx_word' id='word_1_11' title='bbox 761 625 873 702; x_wconf 90' lang='lat' dir='ltr'><strong>primos</strong></span> <span class='ocrx_word' id='word_1_12' title='bbox 892 631 1031 701; x_wconf 84' lang='lat' dir='ltr'><strong>parentes</strong></span> <span class='ocrx_word' id='word_1_13' title='bbox 1050 633 1168 686; x_wconf 88' lang='lat' dir='ltr'><strong>nostros</strong></span> <span class='ocrx_word' id='word_1_14' title='bbox 1183 629 1281 688; x_wconf 87' lang='lat' dir='ltr'><strong>Adam</strong></span> <span class='ocrx_word' id='word_1_15' title='bbox 1296 639 1329 691; x_wconf 92' lang='lat' dir='ltr'><strong>et</strong></span> 
     </span>
     <span class='ocr_line' id='line_1_4' title="bbox 109 720 1326 797; baseline 0.008 -20"><span class='ocrx_word' id='word_1_16' title='bbox 109 720 208 778; x_wconf 80' lang='lat' dir='ltr'><strong>Evam</strong></span> <span class='ocrx_word' id='word_1_17' title='bbox 227 741 281 779; x_wconf 90' lang='lat' dir='ltr'><strong>sua</strong></span> <span class='ocrx_word' id='word_1_18' title='bbox 296 721 412 780; x_wconf 88' lang='lat' dir='ltr'><strong>virtute</strong></span> <span class='ocrx_word' id='word_1_19' title='bbox 432 721 544 780; x_wconf 87' lang='lat' dir='ltr'><strong>creavit</strong></span> <span class='ocrx_word' id='word_1_20' title='bbox 562 740 673 797; x_wconf 86' lang='lat' dir='ltr'><strong>suaque</strong></span> <span class='ocrx_word' id='word_1_21' title='bbox 692 721 898 779; x_wconf 89' lang='lat' dir='ltr'><strong>benedictione</strong></span> <span class='ocrx_word' id='word_1_22' title='bbox 916 722 1120 796; x_wconf 80' lang='lat' dir='ltr'><strong>sanctificavit,</strong></span> <span class='ocrx_word' id='word_1_23' title='bbox 1141 729 1172 782; x_wconf 88' lang='lat' dir='ltr'><strong>et</strong></span> <span class='ocrx_word' id='word_1_24' title='bbox 1190 726 1223 782; x_wconf 89' lang='lat' dir='ltr'><strong>in</strong></span> <span class='ocrx_word' id='word_1_25' title='bbox 1237 728 1326 787; x_wconf 89' lang='lat' dir='ltr'><strong>socie-</strong></span> 
     </span>
     <span class='ocr_line' id='line_1_5' title="bbox 107 818 1325 901; baseline 0.007 -27"><span class='ocrx_word' id='word_1_26' title='bbox 107 823 172 875; x_wconf 89' lang='lat' dir='ltr'><strong>tate</strong></span> <span class='ocrx_word' id='word_1_27' title='bbox 196 818 307 877; x_wconf 88' lang='lat' dir='ltr'><strong>amoris</strong></span> <span class='ocrx_word' id='word_1_28' title='bbox 329 818 481 896; x_wconf 75' lang='lat' dir='ltr'>copulavit</span> <span class='ocrx_word' id='word_1_29' title='bbox 492 837 502 891; x_wconf 81' lang='lat'>3</span> <span class='ocrx_word' id='word_1_30' title='bbox 532 819 596 895; x_wconf 87' lang='lat' dir='ltr'><strong>ipse</strong></span> <span class='ocrx_word' id='word_1_31' title='bbox 620 818 708 876; x_wconf 89' lang='lat' dir='ltr'><strong>corda</strong></span> <span class='ocrx_word' id='word_1_32' title='bbox 732 823 763 875; x_wconf 92' lang='lat' dir='ltr'><strong>et</strong></span> <span class='ocrx_word' id='word_1_33' title='bbox 783 837 907 894; x_wconf 83' lang='lat' dir='ltr'><strong>corpora</strong></span> <span class='ocrx_word' id='word_1_34' title='bbox 930 824 1031 876; x_wconf 86' lang='lat' dir='ltr'><strong>vestra</strong></span> <span class='ocrx_word' id='word_1_35' title='bbox 1054 818 1266 901; x_wconf 54' lang='lat' dir='ltr'><strong>sanctifflficet</strong></span> <span class='ocrx_word' id='word_1_36' title='bbox 1294 832 1325 882; x_wconf 89' lang='lat' dir='ltr'><strong>et</strong></span> 
     </span>
     <span class='ocr_line' id='line_1_6' title="bbox 107 914 1323 1001; baseline 0.007 -28"><span class='ocrx_word' id='word_1_37' title='bbox 107 914 323 996; x_wconf 57' lang='lat' dir='ltr'><strong>beneffldicat,</strong></span> <span class='ocrx_word' id='word_1_38' title='bbox 342 923 433 993; x_wconf 91' lang='lat' dir='ltr'><strong>atque</strong></span> <span class='ocrx_word' id='word_1_39' title='bbox 451 917 485 974; x_wconf 93' lang='lat' dir='ltr'><strong>in</strong></span> <span class='ocrx_word' id='word_1_40' title='bbox 503 916 676 975; x_wconf 85' lang='lat' dir='ltr'><strong>societatem</strong></span> <span class='ocrx_word' id='word_1_41' title='bbox 693 921 724 974; x_wconf 92' lang='lat' dir='ltr'><strong>et</strong></span> <span class='ocrx_word' id='word_1_42' title='bbox 738 936 870 974; x_wconf 88' lang='lat' dir='ltr'><strong>amorem</strong></span> <span class='ocrx_word' id='word_1_43' title='bbox 883 936 960 974; x_wconf 81' lang='lat' dir='ltr'><strong>verse</strong></span> <span class='ocrx_word' id='word_1_44' title='bbox 974 917 1141 978; x_wconf 77' lang='lat' dir='ltr'><strong>dilectionis</strong></span> <span class='ocrx_word' id='word_1_45' title='bbox 1154 923 1323 1001; x_wconf 87' lang='lat' dir='ltr'><strong>conjungat.</strong></span> 
     </span>
     <span class='ocr_line' id='line_1_7' title="bbox 109 1012 897 1072; baseline 0.003 -4"><span class='ocrx_word' id='word_1_46' title='bbox 109 1012 170 1069; x_wconf 89' lang='lat' dir='ltr'><strong>Per</strong></span> <span class='ocrx_word' id='word_1_47' title='bbox 185 1012 339 1072; x_wconf 76' lang='lat' dir='ltr'><strong>Christum</strong></span> <span class='ocrx_word' id='word_1_48' title='bbox 353 1014 520 1071; x_wconf 90' lang='lat' dir='ltr'><strong>Dominum</strong></span> <span class='ocrx_word' id='word_1_49' title='bbox 531 1019 678 1072; x_wconf 89' lang='lat' dir='ltr'><strong>nostrum.</strong></span> <span class='ocrx_word' id='word_1_50' title='bbox 721 1013 830 1071; x_wconf 83' lang='lat' dir='ltr'><strong>Amen.</strong></span> <span class='ocrx_word' id='word_1_51' title='bbox 894 1044 897 1049; x_wconf 61' lang='lat'>&gt;</span> 
     </span>
    </p>

    <p class='ocr_par' dir='ltr' id='par_1_4' title="bbox 103 1110 1328 1380">
     <span class='ocr_line' id='line_1_8' title="bbox 172 1110 1327 1188; baseline 0.01 -21"><span class='ocrx_word' id='word_1_52' title='bbox 172 1110 340 1187; x_wconf 72' lang='lat' dir='ltr'><strong>Finitisque</strong></span> <span class='ocrx_word' id='word_1_53' title='bbox 364 1112 548 1171; x_wconf 83' lang='lat' dir='ltr'><strong>orationibus</strong></span> <span class='ocrx_word' id='word_1_54' title='bbox 561 1111 723 1188; x_wconf 74' lang='lat' dir='ltr'><strong>predictis,</strong></span> <span class='ocrx_word' id='word_1_55' title='bbox 739 1111 971 1188; x_wconf 77' lang='lat' dir='ltr'><strong>introductisque</strong></span> <span class='ocrx_word' id='word_1_56' title='bbox 991 1111 1053 1172; x_wconf 83' lang='lat' dir='ltr'><strong>illis</strong></span> <span class='ocrx_word' id='word_1_57' title='bbox 1071 1114 1148 1174; x_wconf 89' lang='lat' dir='ltr'><strong>inter</strong></span> <span class='ocrx_word' id='word_1_58' title='bbox 1167 1116 1287 1177; x_wconf 81' lang='lat' dir='ltr'><strong>chorurn</strong></span> <span class='ocrx_word' id='word_1_59' title='bbox 1300 1131 1327 1179; x_wconf 89' lang='lat' dir='ltr'><strong>et</strong></span> 
     </span>
     <span class='ocr_line' id='line_1_9' title="bbox 109 1205 1328 1288; baseline 0.008 -23"><span class='ocrx_word' id='word_1_60' title='bbox 109 1205 205 1265; x_wconf 81' lang='lat' dir='ltr'><strong>altere</strong></span> <span class='ocrx_word' id='word_1_61' title='bbox 219 1227 253 1266; x_wconf 87' lang='lat' dir='ltr'><strong>erc</strong></span> <span class='ocrx_word' id='word_1_62' title='bbox 261 1217 349 1284; x_wconf 83' lang='lat' dir='ltr'><strong>parte</strong></span> <span class='ocrx_word' id='word_1_63' title='bbox 362 1209 491 1267; x_wconf 82' lang='lat' dir='ltr'><strong>australi</strong></span> <span class='ocrx_word' id='word_1_64' title='bbox 500 1208 644 1280; x_wconf 83' lang='lat' dir='ltr'><strong>Ecclesice,</strong></span> <span class='ocrx_word' id='word_1_65' title='bbox 657 1217 684 1267; x_wconf 92' lang='lat' dir='ltr'><strong>et</strong></span> <span class='ocrx_word' id='word_1_66' title='bbox 697 1216 810 1266; x_wconf 81' lang='lat' dir='ltr'><strong>statute</strong></span> <span class='ocrx_word' id='word_1_67' title='bbox 823 1209 944 1268; x_wconf 83' lang='lat' dir='ltr'><strong>muliere</strong></span> <span class='ocrx_word' id='word_1_68' title='bbox 957 1210 998 1268; x_wconf 87' lang='lat' dir='ltr'><strong>ael</strong></span> <span class='ocrx_word' id='word_1_69' title='bbox 1011 1211 1158 1272; x_wconf 73' lang='lat' dir='ltr'><strong>deuterum</strong></span> <span class='ocrx_word' id='word_1_70' title='bbox 1171 1215 1240 1288; x_wconf 81' lang='lat' dir='ltr'><strong>uiri,</strong></span> <span class='ocrx_word' id='word_1_71' title='bbox 1255 1216 1328 1276; x_wconf 85' lang='lat' dir='ltr'><strong>inci-</strong></span> 
     </span>
     <span class='ocr_line' id='line_1_10' title="bbox 103 1304 732 1380; baseline 0.002 -19"><span class='ocrx_word' id='word_1_72' title='bbox 103 1304 215 1380; x_wconf 84' lang='lat' dir='ltr'><strong>pietur</strong></span> <span class='ocrx_word' id='word_1_73' title='bbox 227 1305 325 1363; x_wconf 88' lang='lat' dir='ltr'><strong>Missn</strong></span> <span class='ocrx_word' id='word_1_74' title='bbox 338 1305 513 1365; x_wconf 77' lang='lat' dir='ltr'><strong>sollemniter</strong></span> <span class='ocrx_word' id='word_1_75' title='bbox 526 1306 561 1364; x_wconf 86' lang='lat' dir='ltr'><strong>de</strong></span> <span class='ocrx_word' id='word_1_76' title='bbox 577 1304 732 1364; x_wconf 81' lang='lat' dir='ltr'><strong>Frinitute</strong></span> 
     </span>
    </p>

    <p class='ocr_par' dir='ltr' id='par_1_5' title="bbox 175 1401 318 1476">
     <span class='ocr_line' id='line_1_11' title="bbox 175 1401 318 1476; baseline 0.021 -17"><span class='ocrx_word' id='word_1_77' title='bbox 175 1401 318 1476; x_wconf 84' lang='lat' dir='ltr'><strong>Officium.</strong></span> 
     </span>
    </p>

    <p class='ocr_par' dir='ltr' id='par_1_6' title="bbox 111 1498 1326 1673">
     <span class='ocr_line' id='line_1_12' title="bbox 173 1498 1326 1582; baseline 0.008 -26"><span class='ocrx_word' id='word_1_78' title='bbox 173 1499 336 1557; x_wconf 82' lang='lat' dir='ltr'><strong>Benedicta</strong></span> <span class='ocrx_word' id='word_1_79' title='bbox 349 1500 389 1557; x_wconf 89' lang='lat' dir='ltr'><strong>sit</strong></span> <span class='ocrx_word' id='word_1_80' title='bbox 403 1507 507 1558; x_wconf 80' lang='lat' dir='ltr'><strong>sancta</strong></span> <span class='ocrx_word' id='word_1_81' title='bbox 521 1499 653 1557; x_wconf 83' lang='lat' dir='ltr'><strong>Trinitas</strong></span> <span class='ocrx_word' id='word_1_82' title='bbox 667 1505 758 1575; x_wconf 80' lang='lat' dir='ltr'><strong>etque</strong></span> <span class='ocrx_word' id='word_1_83' title='bbox 772 1498 902 1558; x_wconf 85' lang='lat' dir='ltr'><strong>indivisa</strong></span> <span class='ocrx_word' id='word_1_84' title='bbox 916 1500 1033 1562; x_wconf 87' lang='lat' dir='ltr'><strong>unitas:</strong></span> <span class='ocrx_word' id='word_1_85' title='bbox 1065 1505 1274 1564; x_wconf 88' lang='lat' dir='ltr'><strong>confitebimur</strong></span> <span class='ocrx_word' id='word_1_86' title='bbox 1288 1510 1326 1582; x_wconf 85' lang='lat' dir='ltr'><strong>ei,</strong></span> 
     </span>
     <span class='ocr_line' id='line_1_13' title="bbox 111 1596 787 1673; baseline 0.001 -19"><span class='ocrx_word' id='word_1_87' title='bbox 111 1596 183 1673; x_wconf 85' lang='lat' dir='ltr'><strong>quis</strong></span> <span class='ocrx_word' id='word_1_88' title='bbox 195 1597 268 1655; x_wconf 86' lang='lat' dir='ltr'><strong>fecit</strong></span> <span class='ocrx_word' id='word_1_89' title='bbox 281 1599 436 1656; x_wconf 89' lang='lat' dir='ltr'><strong>nobiscum</strong></span> <span class='ocrx_word' id='word_1_90' title='bbox 448 1598 680 1656; x_wconf 87' lang='lat' dir='ltr'><strong>misericordiam</strong></span> <span class='ocrx_word' id='word_1_91' title='bbox 694 1618 787 1655; x_wconf 87' lang='lat' dir='ltr'><strong>suam.</strong></span> 
     </span>
    </p>

    <p class='ocr_par' dir='ltr' id='par_1_7' title="bbox 168 1687 1210 1778">
     <span class='ocr_line' id='line_1_14' title="bbox 168 1687 1210 1778; baseline 0.006 -25"><span class='ocrx_word' id='word_1_92' title='bbox 168 1687 320 1754; x_wconf 80' lang='lat' dir='ltr'><strong>Peninus.</strong></span> <span class='ocrx_word' id='word_1_93' title='bbox 344 1697 560 1755; x_wconf 88' lang='lat' dir='ltr'><strong>Benedioamus</strong></span> <span class='ocrx_word' id='word_1_94' title='bbox 574 1696 697 1770; x_wconf 87' lang='lat' dir='ltr'><strong>Patrem</strong></span> <span class='ocrx_word' id='word_1_95' title='bbox 711 1701 742 1754; x_wconf 92' lang='lat' dir='ltr'><strong>et</strong></span> <span class='ocrx_word' id='word_1_96' title='bbox 756 1696 869 1753; x_wconf 87' lang='lat' dir='ltr'><strong>Filium</strong></span> <span class='ocrx_word' id='word_1_97' title='bbox 882 1716 949 1756; x_wconf 88' lang='lat' dir='ltr'><strong>oum</strong></span> <span class='ocrx_word' id='word_1_98' title='bbox 964 1697 1073 1757; x_wconf 81' lang='lat' dir='ltr'><strong>Sancto</strong></span> <span class='ocrx_word' id='word_1_99' title='bbox 1088 1699 1210 1778; x_wconf 80' lang='lat' dir='ltr'><strong>Spiritu.</strong></span> 
     </span>
    </p>
   </div>
   <div class='ocr_carea' id='block_1_3' title="bbox 194 2018 848 2078">
    <p class='ocr_par' dir='ltr' id='par_1_8' title="bbox 194 2018 848 2078">
     <span class='ocr_line' id='line_1_15' title="bbox 194 2018 848 2078; baseline -0.002 -1"><span class='ocrx_word' id='word_1_100' title='bbox 194 2018 378 2077; x_wconf 64' lang='lat' dir='ltr'><strong>(ilo-ria</strong></span> <span class='ocrx_word' id='word_1_101' title='bbox 418 2020 452 2076; x_wconf 93' lang='lat' dir='ltr'><strong>in</strong></span> <span class='ocrx_word' id='word_1_102' title='bbox 491 2020 674 2078; x_wconf 86' lang='lat' dir='ltr'><strong>ex-cel-sis</strong></span> <span class='ocrx_word' id='word_1_103' title='bbox 713 2019 762 2076; x_wconf 90' lang='lat' dir='ltr'><strong>De</strong></span> <span class='ocrx_word' id='word_1_104' title='bbox 787 2055 797 2064; x_wconf 94' lang='lat'><em>-</em></span> <span class='ocrx_word' id='word_1_105' title='bbox 824 2038 848 2077; x_wconf 91' lang='lat'><strong>0.</strong></span> 
     </span>
    </p>
   </div>
   <div class='ocr_carea' id='block_1_4' title="bbox 110 2170 1386 4489">
    <p class='ocr_par' dir='ltr' id='par_1_9' title="bbox 110 2170 1329 3012">
     <span class='ocr_line' id='line_1_16' title="bbox 173 2170 1327 2250; baseline 0.009 -21"><span class='ocrx_word' id='word_1_106' title='bbox 173 2173 215 2230; x_wconf 85' lang='lat' dir='ltr'><strong>Et</strong></span> <span class='ocrx_word' id='word_1_107' title='bbox 232 2173 266 2230; x_wconf 93' lang='lat' dir='ltr'><strong>in</strong></span> <span class='ocrx_word' id='word_1_108' title='bbox 285 2180 367 2231; x_wconf 79' lang='lat' dir='ltr'><strong>terra</strong></span> <span class='ocrx_word' id='word_1_109' title='bbox 387 2193 448 2249; x_wconf 85' lang='lat' dir='ltr'><strong>pax</strong></span> <span class='ocrx_word' id='word_1_110' title='bbox 468 2172 641 2231; x_wconf 91' lang='lat' dir='ltr'><strong>hominibus</strong></span> <span class='ocrx_word' id='word_1_111' title='bbox 660 2173 747 2230; x_wconf 85' lang='lat' dir='ltr'><strong>bonae</strong></span> <span class='ocrx_word' id='word_1_112' title='bbox 767 2172 942 2230; x_wconf 87' lang='lat' dir='ltr'><strong>voluntatis.</strong></span> <span class='ocrx_word' id='word_1_113' title='bbox 986 2170 1157 2233; x_wconf 83' lang='lat' dir='ltr'><strong>Laudamus</strong></span> <span class='ocrx_word' id='word_1_114' title='bbox 1177 2183 1216 2250; x_wconf 91' lang='lat' dir='ltr'><strong>te,</strong></span> <span class='ocrx_word' id='word_1_115' title='bbox 1232 2180 1327 2239; x_wconf 82' lang='lat' dir='ltr'><strong>Bene-</strong></span> 
     </span>
     <span class='ocr_line' id='line_1_17' title="bbox 112 2267 1327 2348; baseline 0.006 -21"><span class='ocrx_word' id='word_1_116' title='bbox 112 2270 239 2328; x_wconf 90' lang='lat' dir='ltr'><strong>dicimus</strong></span> <span class='ocrx_word' id='word_1_117' title='bbox 273 2276 314 2342; x_wconf 92' lang='lat' dir='ltr'><strong>te,</strong></span> <span class='ocrx_word' id='word_1_118' title='bbox 347 2269 521 2326; x_wconf 88' lang='lat' dir='ltr'><strong>Adoramus</strong></span> <span class='ocrx_word' id='word_1_119' title='bbox 554 2276 594 2341; x_wconf 89' lang='lat' dir='ltr'><strong>tc,</strong></span> <span class='ocrx_word' id='word_1_120' title='bbox 624 2268 833 2326; x_wconf 82' lang='lat' dir='ltr'><strong>Glorificamus</strong></span> <span class='ocrx_word' id='word_1_121' title='bbox 867 2274 906 2325; x_wconf 91' lang='lat' dir='ltr'><strong>te.</strong></span> <span class='ocrx_word' id='word_1_122' title='bbox 965 2267 1085 2327; x_wconf 82' lang='lat' dir='ltr'><strong>Gratias</strong></span> <span class='ocrx_word' id='word_1_123' title='bbox 1119 2273 1234 2348; x_wconf 86' lang='lat' dir='ltr'><strong>agimus</strong></span> <span class='ocrx_word' id='word_1_124' title='bbox 1268 2279 1327 2334; x_wconf 90' lang='lat' dir='ltr'><strong>tibi</strong></span> 
     </span>
     <span class='ocr_line' id='line_1_18' title="bbox 110 2365 1324 2445; baseline 0.007 -22"><span class='ocrx_word' id='word_1_125' title='bbox 110 2374 235 2444; x_wconf 88' lang='lat' dir='ltr'><strong>propter</strong></span> <span class='ocrx_word' id='word_1_126' title='bbox 261 2386 401 2443; x_wconf 86' lang='lat' dir='ltr'><strong>magnam</strong></span> <span class='ocrx_word' id='word_1_127' title='bbox 428 2366 554 2442; x_wconf 84' lang='lat' dir='ltr'><strong>gloriam</strong></span> <span class='ocrx_word' id='word_1_128' title='bbox 580 2371 674 2437; x_wconf 89' lang='lat' dir='ltr'><strong>tuam,</strong></span> <span class='ocrx_word' id='word_1_129' title='bbox 701 2365 832 2421; x_wconf 87' lang='lat' dir='ltr'><strong>Domine</strong></span> <span class='ocrx_word' id='word_1_130' title='bbox 859 2365 952 2437; x_wconf 72' lang='lat' dir='ltr'><strong>DeuS,</strong></span> <span class='ocrx_word' id='word_1_131' title='bbox 978 2365 1048 2423; x_wconf 87' lang='lat' dir='ltr'><strong>Rex</strong></span> <span class='ocrx_word' id='word_1_132' title='bbox 1072 2368 1206 2442; x_wconf 83' lang='lat' dir='ltr'><strong>caelestis,</strong></span> <span class='ocrx_word' id='word_1_133' title='bbox 1233 2372 1324 2445; x_wconf 88' lang='lat' dir='ltr'><strong>Deus,</strong></span> 
     </span>
     <span class='ocr_line' id='line_1_19' title="bbox 112 2462 1327 2544; baseline 0.006 -22"><span class='ocrx_word' id='word_1_134' title='bbox 112 2465 208 2522; x_wconf 89' lang='lat' dir='ltr'><strong>Pater</strong></span> <span class='ocrx_word' id='word_1_135' title='bbox 221 2464 418 2540; x_wconf 90' lang='lat' dir='ltr'><strong>omnipotens.</strong></span> <span class='ocrx_word' id='word_1_136' title='bbox 465 2464 595 2521; x_wconf 89' lang='lat' dir='ltr'><strong>Domine</strong></span> <span class='ocrx_word' id='word_1_137' title='bbox 610 2462 670 2519; x_wconf 85' lang='lat' dir='ltr'><strong>Fili</strong></span> <span class='ocrx_word' id='word_1_138' title='bbox 684 2462 846 2538; x_wconf 82' lang='lat' dir='ltr'><strong>unigenite,</strong></span> <span class='ocrx_word' id='word_1_139' title='bbox 862 2463 884 2521; x_wconf 84' lang='lat' dir='ltr'><strong>J</strong></span> <span class='ocrx_word' id='word_1_140' title='bbox 886 2482 938 2519; x_wconf 91' lang='lat' dir='ltr'><strong>esu</strong></span> <span class='ocrx_word' id='word_1_141' title='bbox 953 2462 1078 2535; x_wconf 75' lang='lat' dir='ltr'><strong>Christe,</strong></span> <span class='ocrx_word' id='word_1_142' title='bbox 1090 2465 1220 2526; x_wconf 91' lang='lat' dir='ltr'><strong>Domine</strong></span> <span class='ocrx_word' id='word_1_143' title='bbox 1234 2471 1327 2544; x_wconf 83' lang='lat' dir='ltr'><strong>Deus,</strong></span> 
     </span>
     <span class='ocr_line' id='line_1_20' title="bbox 112 2558 1323 2636; baseline 0.008 -19"><span class='ocrx_word' id='word_1_144' title='bbox 112 2561 224 2636; x_wconf 87' lang='lat' dir='ltr'><strong>Agnus</strong></span> <span class='ocrx_word' id='word_1_145' title='bbox 248 2560 316 2633; x_wconf 90' lang='lat' dir='ltr'><strong>Dei,</strong></span> <span class='ocrx_word' id='word_1_146' title='bbox 339 2559 436 2617; x_wconf 88' lang='lat' dir='ltr'><strong>Filius</strong></span> <span class='ocrx_word' id='word_1_147' title='bbox 461 2558 571 2633; x_wconf 88' lang='lat' dir='ltr'><strong>Patris,</strong></span> <span class='ocrx_word' id='word_1_148' title='bbox 598 2560 658 2629; x_wconf 81' lang='lat' dir='ltr'><strong>Qui</strong></span> <span class='ocrx_word' id='word_1_149' title='bbox 682 2559 765 2617; x_wconf 88' lang='lat' dir='ltr'><strong>tollis</strong></span> <span class='ocrx_word' id='word_1_150' title='bbox 786 2565 907 2634; x_wconf 85' lang='lat' dir='ltr'><strong>peccata</strong></span> <span class='ocrx_word' id='word_1_151' title='bbox 934 2560 1049 2634; x_wconf 90' lang='lat' dir='ltr'><strong>mundi,</strong></span> <span class='ocrx_word' id='word_1_152' title='bbox 1068 2563 1207 2622; x_wconf 87' lang='lat' dir='ltr'><strong>miserere</strong></span> <span class='ocrx_word' id='word_1_153' title='bbox 1230 2569 1323 2627; x_wconf 88' lang='lat' dir='ltr'><strong>nobis.</strong></span> 
     </span>
     <span class='ocr_line' id='line_1_21' title="bbox 114 2657 1327 2734; baseline 0.011 -20"><span class='ocrx_word' id='word_1_154' title='bbox 114 2659 176 2729; x_wconf 79' lang='lat' dir='ltr'><strong>Qui</strong></span> <span class='ocrx_word' id='word_1_155' title='bbox 190 2658 272 2715; x_wconf 90' lang='lat' dir='ltr'><strong>tollis</strong></span> <span class='ocrx_word' id='word_1_156' title='bbox 284 2663 405 2734; x_wconf 88' lang='lat' dir='ltr'><strong>peccata</strong></span> <span class='ocrx_word' id='word_1_157' title='bbox 418 2657 532 2731; x_wconf 90' lang='lat' dir='ltr'><strong>mundi,</strong></span> <span class='ocrx_word' id='word_1_158' title='bbox 548 2657 663 2734; x_wconf 88' lang='lat' dir='ltr'><strong>suscipe</strong></span> <span class='ocrx_word' id='word_1_159' title='bbox 677 2657 913 2733; x_wconf 84' lang='lat' dir='ltr'><strong>deprecationem</strong></span> <span class='ocrx_word' id='word_1_160' title='bbox 927 2664 1068 2718; x_wconf 90' lang='lat' dir='ltr'><strong>nostram.</strong></span> <span class='ocrx_word' id='word_1_161' title='bbox 1121 2663 1180 2732; x_wconf 82' lang='lat' dir='ltr'><strong>Qui</strong></span> <span class='ocrx_word' id='word_1_162' title='bbox 1193 2666 1275 2724; x_wconf 88' lang='lat' dir='ltr'><strong>sedes</strong></span> <span class='ocrx_word' id='word_1_163' title='bbox 1288 2669 1327 2728; x_wconf 84' lang='lat' dir='ltr'><strong>ad</strong></span> 
     </span>
     <span class='ocr_line' id='line_1_22' title="bbox 112 2753 1329 2832; baseline 0.008 -18"><span class='ocrx_word' id='word_1_164' title='bbox 112 2756 268 2814; x_wconf 85' lang='lat' dir='ltr'><strong>dexteram</strong></span> <span class='ocrx_word' id='word_1_165' title='bbox 288 2755 398 2828; x_wconf 88' lang='lat' dir='ltr'><strong>Patris,</strong></span> <span class='ocrx_word' id='word_1_166' title='bbox 418 2755 558 2813; x_wconf 88' lang='lat' dir='ltr'><strong>miserere</strong></span> <span class='ocrx_word' id='word_1_167' title='bbox 577 2755 671 2812; x_wconf 91' lang='lat' dir='ltr'><strong>nobis.</strong></span> <span class='ocrx_word' id='word_1_168' title='bbox 716 2753 863 2824; x_wconf 82' lang='lat' dir='ltr'><strong>Quoniam</strong></span> <span class='ocrx_word' id='word_1_169' title='bbox 882 2760 917 2812; x_wconf 89' lang='lat' dir='ltr'><strong>tu</strong></span> <span class='ocrx_word' id='word_1_170' title='bbox 937 2755 1016 2813; x_wconf 88' lang='lat' dir='ltr'><strong>solus</strong></span> <span class='ocrx_word' id='word_1_171' title='bbox 1036 2765 1165 2832; x_wconf 89' lang='lat' dir='ltr'><strong>sanctus,</strong></span> <span class='ocrx_word' id='word_1_172' title='bbox 1181 2762 1226 2821; x_wconf 84' lang='lat' dir='ltr'><strong>Tu</strong></span> <span class='ocrx_word' id='word_1_173' title='bbox 1246 2765 1329 2824; x_wconf 88' lang='lat' dir='ltr'><strong>solus</strong></span> 
     </span>
     <span class='ocr_line' id='line_1_23' title="bbox 112 2851 1326 2940; baseline 0.009 -28"><span class='ocrx_word' id='word_1_174' title='bbox 112 2855 269 2925; x_wconf 91' lang='lat' dir='ltr'><strong>Dominus,</strong></span> <span class='ocrx_word' id='word_1_175' title='bbox 282 2854 328 2911; x_wconf 82' lang='lat' dir='ltr'><strong>Tu</strong></span> <span class='ocrx_word' id='word_1_176' title='bbox 342 2854 422 2912; x_wconf 88' lang='lat' dir='ltr'><strong>solus</strong></span> <span class='ocrx_word' id='word_1_177' title='bbox 430 2853 601 2926; x_wconf 88' lang='lat' dir='ltr'><strong>altissimus,</strong></span> <span class='ocrx_word' id='word_1_178' title='bbox 613 2854 635 2912; x_wconf 85' lang='lat' dir='ltr'><strong>J</strong></span> <span class='ocrx_word' id='word_1_179' title='bbox 637 2873 688 2911; x_wconf 93' lang='lat' dir='ltr'><strong>esu</strong></span> <span class='ocrx_word' id='word_1_180' title='bbox 702 2852 831 2925; x_wconf 78' lang='lat' dir='ltr'><strong>Christe,</strong></span> <span class='ocrx_word' id='word_1_181' title='bbox 842 2873 909 2910; x_wconf 88' lang='lat' dir='ltr'><strong>cum</strong></span> <span class='ocrx_word' id='word_1_182' title='bbox 921 2851 1031 2912; x_wconf 76' lang='lat' dir='ltr'><strong>Sancto</strong></span> <span class='ocrx_word' id='word_1_183' title='bbox 1045 2855 1169 2934; x_wconf 83' lang='lat' dir='ltr'><strong>Spiritu,</strong></span> <span class='ocrx_word' id='word_1_184' title='bbox 1181 2860 1220 2918; x_wconf 93' lang='lat' dir='ltr'><strong>In</strong></span> <span class='ocrx_word' id='word_1_185' title='bbox 1230 2863 1326 2940; x_wconf 87' lang='lat' dir='ltr'><strong>gloria</strong></span> 
     </span>
     <span class='ocr_line' id='line_1_24' title="bbox 113 2952 447 3012; baseline 0.006 -3"><span class='ocrx_word' id='word_1_186' title='bbox 113 2952 173 3009; x_wconf 90' lang='lat' dir='ltr'><strong>Dei</strong></span> <span class='ocrx_word' id='word_1_187' title='bbox 186 2952 294 3010; x_wconf 89' lang='lat' dir='ltr'><strong>Patris.</strong></span> <span class='ocrx_word' id='word_1_188' title='bbox 338 2954 447 3012; x_wconf 88' lang='lat' dir='ltr'><strong>Amen.</strong></span> 
     </span>
    </p>

    <p class='ocr_par' dir='ltr' id='par_1_10' title="bbox 175 3049 286 3110">
     <span class='ocr_line' id='line_1_25' title="bbox 175 3049 286 3110; baseline 0.018 -2"><span class='ocrx_word' id='word_1_189' title='bbox 175 3049 286 3110; x_wconf 76' lang='lat' dir='ltr'><strong>Oratio</strong></span> 
     </span>
    </p>

    <p class='ocr_par' dir='ltr' id='par_1_11' title="bbox 113 3144 1327 3514">
     <span class='ocr_line' id='line_1_26' title="bbox 176 3144 1325 3224; baseline 0.007 -20"><span class='ocrx_word' id='word_1_190' title='bbox 176 3147 374 3223; x_wconf 89' lang='lat' dir='ltr'><strong>Omnipotens</strong></span> <span class='ocrx_word' id='word_1_191' title='bbox 390 3145 570 3224; x_wconf 89' lang='lat' dir='ltr'><strong>sempiterne</strong></span> <span class='ocrx_word' id='word_1_192' title='bbox 588 3145 680 3218; x_wconf 90' lang='lat' dir='ltr'><strong>Deus,</strong></span> <span class='ocrx_word' id='word_1_193' title='bbox 696 3144 750 3221; x_wconf 91' lang='lat' dir='ltr'><strong>qui</strong></span> <span class='ocrx_word' id='word_1_194' title='bbox 766 3144 875 3202; x_wconf 86' lang='lat' dir='ltr'><strong>dedisti</strong></span> <span class='ocrx_word' id='word_1_195' title='bbox 894 3146 980 3204; x_wconf 90' lang='lat' dir='ltr'><strong>nobis</strong></span> <span class='ocrx_word' id='word_1_196' title='bbox 997 3147 1117 3206; x_wconf 89' lang='lat' dir='ltr'><strong>famulis</strong></span> <span class='ocrx_word' id='word_1_197' title='bbox 1137 3150 1198 3208; x_wconf 90' lang='lat' dir='ltr'><strong>tuis</strong></span> <span class='ocrx_word' id='word_1_198' title='bbox 1211 3153 1244 3209; x_wconf 89' lang='lat' dir='ltr'><strong>in</strong></span> <span class='ocrx_word' id='word_1_199' title='bbox 1258 3174 1325 3212; x_wconf 90' lang='lat' dir='ltr'><strong>con-</strong></span> 
     </span>
     <span class='ocr_line' id='line_1_27' title="bbox 113 3241 1325 3324; baseline 0.007 -24"><span class='ocrx_word' id='word_1_200' title='bbox 113 3243 239 3302; x_wconf 91' lang='lat' dir='ltr'><strong>fessione</strong></span> <span class='ocrx_word' id='word_1_201' title='bbox 258 3263 336 3302; x_wconf 88' lang='lat' dir='ltr'><strong>verae</strong></span> <span class='ocrx_word' id='word_1_202' title='bbox 357 3243 427 3300; x_wconf 88' lang='lat' dir='ltr'><strong>fidei</strong></span> <span class='ocrx_word' id='word_1_203' title='bbox 449 3249 567 3301; x_wconf 87' lang='lat' dir='ltr'><strong>aetemae</strong></span> <span class='ocrx_word' id='word_1_204' title='bbox 590 3242 748 3299; x_wconf 82' lang='lat' dir='ltr'><strong>Trinitatis</strong></span> <span class='ocrx_word' id='word_1_205' title='bbox 770 3241 895 3318; x_wconf 84' lang='lat' dir='ltr'><strong>gloriam</strong></span> <span class='ocrx_word' id='word_1_206' title='bbox 916 3262 1082 3320; x_wconf 87' lang='lat' dir='ltr'><strong>agnoscere,</strong></span> <span class='ocrx_word' id='word_1_207' title='bbox 1098 3251 1128 3304; x_wconf 92' lang='lat' dir='ltr'><strong>et</strong></span> <span class='ocrx_word' id='word_1_208' title='bbox 1144 3247 1178 3304; x_wconf 89' lang='lat' dir='ltr'><strong>in</strong></span> <span class='ocrx_word' id='word_1_209' title='bbox 1190 3252 1325 3324; x_wconf 83' lang='lat' dir='ltr'><strong>potentio</strong></span> 
     </span>
     <span class='ocr_line' id='line_1_28' title="bbox 114 3340 1327 3417; baseline 0.005 -18"><span class='ocrx_word' id='word_1_210' title='bbox 114 3343 279 3417; x_wconf 88' lang='lat' dir='ltr'><strong>majestatis</strong></span> <span class='ocrx_word' id='word_1_211' title='bbox 299 3341 422 3399; x_wconf 85' lang='lat' dir='ltr'><strong>adorare</strong></span> <span class='ocrx_word' id='word_1_212' title='bbox 442 3341 591 3398; x_wconf 85' lang='lat' dir='ltr'><strong>unitatem</strong></span> <span class='ocrx_word' id='word_1_213' title='bbox 601 3360 610 3413; x_wconf 78' lang='lat'>3</span> <span class='ocrx_word' id='word_1_214' title='bbox 632 3359 809 3415; x_wconf 85' lang='lat' dir='ltr'><strong>quaesumus,</strong></span> <span class='ocrx_word' id='word_1_215' title='bbox 825 3345 861 3397; x_wconf 92' lang='lat' dir='ltr'><strong>ut</strong></span> <span class='ocrx_word' id='word_1_216' title='bbox 882 3340 1014 3417; x_wconf 90' lang='lat' dir='ltr'><strong>ejusdem</strong></span> <span class='ocrx_word' id='word_1_217' title='bbox 1034 3342 1104 3402; x_wconf 88' lang='lat' dir='ltr'><strong>fidei</strong></span> <span class='ocrx_word' id='word_1_218' title='bbox 1125 3345 1267 3405; x_wconf 86' lang='lat' dir='ltr'><strong>firmitate</strong></span> <span class='ocrx_word' id='word_1_219' title='bbox 1287 3349 1327 3405; x_wconf 88' lang='lat' dir='ltr'><strong>ab</strong></span> 
     </span>
     <span class='ocr_line' id='line_1_29' title="bbox 114 3436 721 3514; baseline -0.007 -17"><span class='ocrx_word' id='word_1_220' title='bbox 114 3438 253 3497; x_wconf 91' lang='lat' dir='ltr'><strong>omnibus</strong></span> <span class='ocrx_word' id='word_1_221' title='bbox 266 3457 382 3514; x_wconf 86' lang='lat' dir='ltr'><strong>semper</strong></span> <span class='ocrx_word' id='word_1_222' title='bbox 394 3438 567 3495; x_wconf 91' lang='lat' dir='ltr'><strong>muniamur</strong></span> <span class='ocrx_word' id='word_1_223' title='bbox 581 3436 721 3494; x_wconf 87' lang='lat' dir='ltr'><strong>adversis.</strong></span> 
     </span>
    </p>

    <p class='ocr_par' dir='ltr' id='par_1_12' title="bbox 176 3533 711 3603">
     <span class='ocr_line' id='line_1_30' title="bbox 176 3533 711 3603; baseline -0.002 -12"><span class='ocrx_word' id='word_1_224' title='bbox 176 3535 246 3592; x_wconf 77' lang='lat' dir='ltr'><strong>Atto</strong></span> <span class='ocrx_word' id='word_1_225' title='bbox 262 3534 364 3594; x_wconf 85' lang='lat' dir='ltr'><strong>Oratio</strong></span> <span class='ocrx_word' id='word_1_226' title='bbox 378 3535 431 3594; x_wconf 83' lang='lat' dir='ltr'><strong>sub</strong></span> <span class='ocrx_word' id='word_1_227' title='bbox 444 3553 509 3592; x_wconf 88' lang='lat' dir='ltr'><strong>unu</strong></span> <span class='ocrx_word' id='word_1_228' title='bbox 522 3533 711 3603; x_wconf 84' lang='lat' dir='ltr'><strong>conclusione.</strong></span> 
     </span>
    </p>

    <p class='ocr_par' dir='ltr' id='par_1_13' title="bbox 113 3629 1326 3886">
     <span class='ocr_line' id='line_1_31' title="bbox 177 3629 1326 3710; baseline 0.006 -21"><span class='ocrx_word' id='word_1_229' title='bbox 177 3632 297 3689; x_wconf 86' lang='lat' dir='ltr'><strong>Exaudi</strong></span> <span class='ocrx_word' id='word_1_230' title='bbox 316 3652 379 3705; x_wconf 91' lang='lat' dir='ltr'><strong>nos,</strong></span> <span class='ocrx_word' id='word_1_231' title='bbox 395 3631 584 3708; x_wconf 90' lang='lat' dir='ltr'><strong>omnipotens</strong></span> <span class='ocrx_word' id='word_1_232' title='bbox 608 3635 639 3688; x_wconf 89' lang='lat' dir='ltr'><strong>et</strong></span> <span class='ocrx_word' id='word_1_233' title='bbox 660 3629 827 3687; x_wconf 90' lang='lat' dir='ltr'><strong>misericors</strong></span> <span class='ocrx_word' id='word_1_234' title='bbox 849 3630 940 3703; x_wconf 90' lang='lat' dir='ltr'><strong>Deus,</strong></span> <span class='ocrx_word' id='word_1_235' title='bbox 956 3637 992 3689; x_wconf 92' lang='lat' dir='ltr'><strong>ut</strong></span> <span class='ocrx_word' id='word_1_236' title='bbox 1011 3633 1091 3710; x_wconf 90' lang='lat' dir='ltr'><strong>quod</strong></span> <span class='ocrx_word' id='word_1_237' title='bbox 1110 3641 1212 3694; x_wconf 90' lang='lat' dir='ltr'><strong>nostro</strong></span> <span class='ocrx_word' id='word_1_238' title='bbox 1226 3638 1326 3696; x_wconf 90' lang='lat' dir='ltr'><strong>minis-</strong></span> 
     </span>
     <span class='ocr_line' id='line_1_32' title="bbox 113 3721 1325 3804; baseline 0.002 -15"><span class='ocrx_word' id='word_1_239' title='bbox 113 3734 215 3789; x_wconf 86' lang='lat' dir='ltr'><strong>tratur</strong></span> <span class='ocrx_word' id='word_1_240' title='bbox 248 3730 352 3803; x_wconf 89' lang='lat' dir='ltr'><strong>officio,</strong></span> <span class='ocrx_word' id='word_1_241' title='bbox 381 3734 436 3788; x_wconf 86' lang='lat' dir='ltr'><strong>tua</strong></span> <span class='ocrx_word' id='word_1_242' title='bbox 468 3727 674 3787; x_wconf 85' lang='lat' dir='ltr'><strong>benedictione</strong></span> <span class='ocrx_word' id='word_1_243' title='bbox 707 3727 809 3804; x_wconf 92' lang='lat' dir='ltr'><strong>potius</strong></span> <span class='ocrx_word' id='word_1_244' title='bbox 830 3721 1011 3804; x_wconf 79' lang='lat' dir='ltr'><strong>impleatur.</strong></span> <span class='ocrx_word' id='word_1_245' title='bbox 1068 3729 1128 3788; x_wconf 90' lang='lat' dir='ltr'><strong>Per</strong></span> <span class='ocrx_word' id='word_1_246' title='bbox 1161 3733 1325 3791; x_wconf 91' lang='lat' dir='ltr'><strong>Dominum</strong></span> 
     </span>
     <span class='ocr_line' id='line_1_33' title="bbox 113 3833 260 3886; baseline -0.007 0"><span class='ocrx_word' id='word_1_247' title='bbox 113 3833 260 3886; x_wconf 87' lang='lat' dir='ltr'><strong>nostrum.</strong></span> 
     </span>
    </p>

    <p class='ocr_par' dir='ltr' id='par_1_14' title="bbox 176 3920 646 4000">
     <span class='ocr_line' id='line_1_34' title="bbox 176 3920 646 4000; baseline 0.002 -22"><span class='ocrx_word' id='word_1_248' title='bbox 176 3921 228 3980; x_wconf 76' lang='lat' dir='ltr'><strong>Ad</strong></span> <span class='ocrx_word' id='word_1_249' title='bbox 242 3920 412 3982; x_wconf 76' lang='lat' dir='ltr'><strong>Oorintiios</strong></span> <span class='ocrx_word' id='word_1_250' title='bbox 424 3922 459 4000; x_wconf 93' lang='lat' dir='ltr'><strong>(l</strong></span> <span class='ocrx_word' id='word_1_251' title='bbox 476 3923 512 3980; x_wconf 78' lang='lat' dir='ltr'><strong>ui</strong></span> <span class='ocrx_word' id='word_1_252' title='bbox 532 3921 646 4000; x_wconf 80' lang='lat'>15-20)</span> 
     </span>
    </p>

    <p class='ocr_par' dir='ltr' id='par_1_15' title="bbox 114 4019 1386 4489">
     <span class='ocr_line' id='line_1_35' title="bbox 177 4019 1325 4096; baseline 0.005 -19"><span class='ocrx_word' id='word_1_253' title='bbox 177 4020 315 4079; x_wconf 86' lang='lat' dir='ltr'><strong>Fratres:</strong></span> <span class='ocrx_word' id='word_1_254' title='bbox 346 4019 479 4079; x_wconf 88' lang='lat' dir='ltr'><strong>Nescitis</strong></span> <span class='ocrx_word' id='word_1_255' title='bbox 503 4019 645 4096; x_wconf 89' lang='lat' dir='ltr'><strong>quoniam</strong></span> <span class='ocrx_word' id='word_1_256' title='bbox 672 4038 792 4094; x_wconf 87' lang='lat' dir='ltr'><strong>corpora</strong></span> <span class='ocrx_word' id='word_1_257' title='bbox 816 4025 915 4077; x_wconf 81' lang='lat' dir='ltr'><strong>vestra</strong></span> <span class='ocrx_word' id='word_1_258' title='bbox 941 4022 1073 4078; x_wconf 89' lang='lat' dir='ltr'><strong>membra</strong></span> <span class='ocrx_word' id='word_1_259' title='bbox 1098 4029 1168 4079; x_wconf 84' lang='lat' dir='ltr'><strong>sunt</strong></span> <span class='ocrx_word' id='word_1_260' title='bbox 1194 4022 1325 4083; x_wconf 83' lang='lat' dir='ltr'><strong>Ohristil</strong></span> 
     </span>
     <span class='ocr_line' id='line_1_36' title="bbox 114 4116 1323 4194; baseline 0.002 -18"><span class='ocrx_word' id='word_1_261' title='bbox 114 4117 234 4176; x_wconf 84' lang='lat' dir='ltr'><strong>Tollens</strong></span> <span class='ocrx_word' id='word_1_262' title='bbox 248 4137 317 4194; x_wconf 88' lang='lat' dir='ltr'><strong>ergo</strong></span> <span class='ocrx_word' id='word_1_263' title='bbox 336 4118 469 4176; x_wconf 84' lang='lat' dir='ltr'><strong>membra</strong></span> <span class='ocrx_word' id='word_1_264' title='bbox 491 4117 612 4189; x_wconf 80' lang='lat' dir='ltr'><strong>Christi,</strong></span> <span class='ocrx_word' id='word_1_265' title='bbox 625 4116 731 4174; x_wconf 89' lang='lat' dir='ltr'><strong>faciam</strong></span> <span class='ocrx_word' id='word_1_266' title='bbox 753 4119 885 4175; x_wconf 90' lang='lat' dir='ltr'><strong>membra</strong></span> <span class='ocrx_word' id='word_1_267' title='bbox 906 4119 1090 4177; x_wconf 83' lang='lat' dir='ltr'><strong>meretricisl</strong></span> <span class='ocrx_word' id='word_1_268' title='bbox 1129 4120 1229 4177; x_wconf 82' lang='lat' dir='ltr'><strong>Absit.</strong></span> <span class='ocrx_word' id='word_1_269' title='bbox 1270 4122 1323 4179; x_wconf 89' lang='lat' dir='ltr'><strong>An</strong></span> 
     </span>
     <span class='ocr_line' id='line_1_37' title="bbox 114 4213 1324 4292; baseline 0.002 -18"><span class='ocrx_word' id='word_1_270' title='bbox 114 4214 236 4274; x_wconf 87' lang='lat' dir='ltr'><strong>nescitis</strong></span> <span class='ocrx_word' id='word_1_271' title='bbox 256 4215 397 4292; x_wconf 88' lang='lat' dir='ltr'><strong>quoniam</strong></span> <span class='ocrx_word' id='word_1_272' title='bbox 418 4213 471 4291; x_wconf 89' lang='lat' dir='ltr'><strong>qui</strong></span> <span class='ocrx_word' id='word_1_273' title='bbox 490 4214 622 4272; x_wconf 86' lang='lat' dir='ltr'><strong>adhaeret</strong></span> <span class='ocrx_word' id='word_1_274' title='bbox 642 4214 792 4272; x_wconf 90' lang='lat' dir='ltr'><strong>meretrici</strong></span> <span class='ocrx_word' id='word_1_275' title='bbox 811 4235 906 4272; x_wconf 91' lang='lat' dir='ltr'><strong>unum</strong></span> <span class='ocrx_word' id='word_1_276' title='bbox 920 4234 1024 4290; x_wconf 89' lang='lat' dir='ltr'><strong>corpus</strong></span> <span class='ocrx_word' id='word_1_277' title='bbox 1038 4215 1183 4274; x_wconf 85' lang='lat' dir='ltr'><strong>efficiturl</strong></span> <span class='ocrx_word' id='word_1_278' title='bbox 1224 4217 1324 4277; x_wconf 88' lang='lat' dir='ltr'><strong>Erunt</strong></span> 
     </span>
     <span class='ocr_line' id='line_1_38' title="bbox 115 4310 1323 4392; baseline 0.004 -22"><span class='ocrx_word' id='word_1_279' title='bbox 115 4310 206 4383; x_wconf 91' lang='lat' dir='ltr'><strong>enim,</strong></span> <span class='ocrx_word' id='word_1_280' title='bbox 221 4311 330 4387; x_wconf 85' lang='lat' dir='ltr'><strong>inquit,</strong></span> <span class='ocrx_word' id='word_1_281' title='bbox 344 4311 404 4369; x_wconf 89' lang='lat' dir='ltr'><strong>duo</strong></span> <span class='ocrx_word' id='word_1_282' title='bbox 417 4310 450 4368; x_wconf 91' lang='lat' dir='ltr'><strong>in</strong></span> <span class='ocrx_word' id='word_1_283' title='bbox 464 4329 551 4370; x_wconf 88' lang='lat' dir='ltr'><strong>carne</strong></span> <span class='ocrx_word' id='word_1_284' title='bbox 565 4329 633 4368; x_wconf 89' lang='lat' dir='ltr'><strong>una.</strong></span> <span class='ocrx_word' id='word_1_285' title='bbox 678 4310 739 4379; x_wconf 83' lang='lat' dir='ltr'><strong>Qui</strong></span> <span class='ocrx_word' id='word_1_286' title='bbox 759 4316 859 4368; x_wconf 90' lang='lat' dir='ltr'><strong>autem</strong></span> <span class='ocrx_word' id='word_1_287' title='bbox 877 4310 1009 4368; x_wconf 76' lang='lat' dir='ltr'><strong>adhaeret</strong></span> <span class='ocrx_word' id='word_1_288' title='bbox 1022 4311 1095 4384; x_wconf 90' lang='lat' dir='ltr'><strong>Deo,</strong></span> <span class='ocrx_word' id='word_1_289' title='bbox 1110 4332 1188 4371; x_wconf 91' lang='lat' dir='ltr'><strong>unus</strong></span> <span class='ocrx_word' id='word_1_290' title='bbox 1202 4316 1323 4392; x_wconf 88' lang='lat' dir='ltr'><strong>spiritus</strong></span> 
     </span>
     <span class='ocr_line' id='line_1_39' title="bbox 115 4406 1386 4489; baseline 0.001 -21"><span class='ocrx_word' id='word_1_291' title='bbox 115 4414 169 4468; x_wconf 74' lang='lat' dir='ltr'><strong>est.</strong></span> <span class='ocrx_word' id='word_1_292' title='bbox 213 4408 321 4486; x_wconf 86' lang='lat' dir='ltr'><strong>Fugite</strong></span> <span class='ocrx_word' id='word_1_293' title='bbox 334 4407 569 4466; x_wconf 84' lang='lat' dir='ltr'><strong>fornicationem.</strong></span> <span class='ocrx_word' id='word_1_294' title='bbox 613 4406 710 4466; x_wconf 89' lang='lat' dir='ltr'><strong>Omne</strong></span> <span class='ocrx_word' id='word_1_295' title='bbox 723 4412 885 4482; x_wconf 86' lang='lat' dir='ltr'><strong>peccatum,</strong></span> <span class='ocrx_word' id='word_1_296' title='bbox 901 4407 1097 4484; x_wconf 89' lang='lat' dir='ltr'><strong>quodcunque</strong></span> <span class='ocrx_word' id='word_1_297' title='bbox 1110 4410 1214 4470; x_wconf 88' lang='lat' dir='ltr'><strong>fecerit</strong></span> <span class='ocrx_word' id='word_1_298' title='bbox 1226 4413 1324 4485; x_wconf 92' lang='lat' dir='ltr'><strong>homo,</strong></span> <span class='ocrx_word' id='word_1_299' title='bbox 1385 4486 1386 4489; x_wconf 7' lang='grc' dir='ltr'><strong>Ἴ</strong></span> 
     </span>
    </p>
   </div>
   <div class='ocr_carea' id='block_1_5' title="bbox 0 0 1440 4846">
    <p class='ocr_par' dir='ltr' id='par_1_16' title="bbox 0 0 1440 4846">
     <span class='ocr_line' id='line_1_40' title="bbox 0 0 1440 4846; baseline 0 0"><span class='ocrx_word' id='word_1_300' title='bbox 0 0 1440 4846; x_wconf 95' lang='lat' dir='ltr'><strong> </strong></span> 
     </span>
    </p>
   </div>
  </div>
 </body>
</html>
