2850 4800
111 306 170 367 28*
459 301 626 369 Mannabe
640 301 688 368 ad
701 323 805 368 1111111
816 303 954 370 Sarum

110 468 983 627 ΙΕΠΠΙΗὲιᾶ111111ἒ1151ἕὶιεῖι1111·Μ111111111111·1911111111111111
996 470 1124 532 Miasab.
1169 468 1306 551 (Burntis

275 569 294 624 P

171 629 243 686 Post
256 630 382 687 Miasena
396 629 476 687 dicat
489 628 629 687 Sacerdos
646 628 701 687 1111
715 628 869 687 Orationes
888 638 1033 705 sequentes
1051 650 1310 724 samnperaprmer

112 729 210 768 ceram
222 709 323 766 ditari
330 718 414 786 preat
404 717 503 781 t,ratos
517 710 575 767 sive
584 708 748 784 prrtfcctnri
760 709 822 767 sint
834 709 1030 782 Hierusalem,
1044 710 1105 769 sira
1121 712 1166 771 od
1177 710 1310 771 Sana

111 788 256 927 graetiam
275 790 320 927 υῧῑ
338 790 380 847 ad
398 789 491 847 otiam
507 790 780 865 pereqnnatimwm,
795 810 863 848 cnm
879 790 1028 849 Dominus
1040 792 1200 850 vobiscum
1213 800 1240 853 et
1253 810 1311 851 cun

142 889 247 928 remus.
317 869 401 928 ratio.

174 950 257 1007 Deus
270 950 395 1007 infinitae
408 950 623 1022 misericordiae,
636 958 663 1008 et
677 959 775 1023 cetera,
790 970 818 1027 p.
837 951 903 1011 105.

174 1030 245 1087 Atta
260 1029 362 1088 Oratio
377 1050 443 1088 carn
458 1030 592 1088 Oremus.
637 1031 746 1090 Oratio.

176 1111 372 1186 Omnipotens
386 1111 477 1181 Deus,
493 1110 546 1187 qui
559 1116 605 1168 est
617 1110 676 1181 via,
693 1112 803 1169 veritas
817 1116 848 1169 et
861 1111 934 1184 vita,
949 1118 977 1169 et
989 1118 1090 1185 cetera,
1103 1131 1132 1189 p.
1151 1112 1219 1174 104.

176 1191 290 1249 Deinde
304 1191 563 1262 communicentur,
580 1200 607 1249 et
620 1191 665 1248 ita
677 1192 814 1249 recedant
827 1192 862 1249 in
874 1192 992 1250 nomine
1001 1191 1135 1251 Domini.

348 1411 612 1471 BENEDICTIO
633 1412 756 1470 ENSIS
777 1411 890 1470 NOVI
910 1412 1085 1471 MILITIS.
1151 1424 1154 1431 '

178 1557 345 1615 Benedictio
359 1557 450 1615 Ensis
463 1558 533 1616 noni
546 1556 724 1631 Militisfict
733 1556 785 1615 1111
797 1556 902 1616 modo:

178 1636 306 1694 Interim
324 1641 524 1712 yennflectente
547 1637 609 1713 ipso
622 1638 715 1696 milite
736 1657 833 1696 1111111
853 1637 955 1696 Adaei
970 1638 1071 1714 prinae
1087 1638 1171 1697 dicat
1183 1636 1317 1698 Sacerdos

119 1718 181 1775 sine
195 1727 266 1774 taeta
280 1717 427 1775 Dominus
440 1718 593 1776 vobiscum
606 1728 633 1776 et
647 1717 780 1776 Oramus.
824 1717 934 1777 Oratio.

181 1797 272 1870 Deus,
287 1804 461 1856 cunetomm
475 1800 508 1855 in
521 1804 552 1856 te
566 1799 749 1874 sperantium
769 1803 925 1874 protector,
940 1799 1042 1856 adesto
1055 1798 1320 1877 supplicationibus

121 1877 238 1950 nostris,
254 1884 285 1935 et
305 1880 429 1936 concede
450 1880 520 1936 huic
543 1879 655 1936 famulo
678 1885 732 1937 tuo
754 1880 807 1954 qui
830 1879 943 1937 sincero
963 1879 1049 1937 eorde
1068 1878 1169 1956 gladio
1182 1899 1214 1938 se
1227 1880 1320 1957 primo

120 1959 232 2015 nititur
255 1960 432 2035 praecingere
456 1960 589 2030 militari,
614 1965 649 2017 ut
672 1959 706 2016 in
721 1959 858 2016 omnibus
877 1960 962 2037 galea
980 1965 1040 2017 tuae
1053 1960 1180 2017 virtutis
1200 1960 1241 2019 sit
1261 1978 1322 2037 pro

122 2045 236 2097 tectus:
258 2045 288 2096 ot
302 2040 378 2097 sicut
398 2039 498 2097 David
519 2046 550 2097 et
570 2040 592 2097 J
593 2040 680 2096 udith
701 2045 804 2097 contra
824 2042 922 2116 gentis
943 2060 1003 2097 suae
1025 2040 1118 2097 hostis
1135 2040 1322 2099 fortitudinis

121 2121 286 2195 potentiam
306 2119 462 2177 victoriam
479 2121 622 2192 tribuisti,
636 2121 680 2177 ita
701 2125 755 2177 tuo
776 2120 889 2178 auxilio
909 2120 1044 2178 munitus
1066 2126 1172 2179 contra
1192 2120 1322 2179 hostium

122 2220 242 2257 suorum
265 2200 412 2258 saevitiam
433 2200 531 2258 victor
551 2201 662 2276 ubique
684 2201 803 2273 existat,
818 2201 901 2258 etad
916 2206 1024 2259 sanctae
1046 2200 1176 2259 ecclesioe
1196 2200 1321 2260 tutehrm

121 2282 263 2356 proficiat.
308 2282 367 2338 Per
381 2280 534 2339 Christum
548 2282 712 2339 Dominum
726 2287 869 2339 nostrum.
911 2282 1019 2340 Amen

183 2361 256 2418 Atia
272 2362 372 2420 Oratio
387 2382 452 2420 111111
467 2362 599 2420 Oremus.

183 2442 274 2513 Deus,
300 2442 353 2519 qui
379 2442 473 2501 trinos
494 2442 603 2519 gradus
626 2440 758 2499 hostium
784 2447 851 2518 post
874 2442 989 2519 lapsum
1010 2442 1088 2500 Adra
1108 2442 1143 2498 in
1166 2448 1234 2501 toto
1257 2444 1324 2501 erbe

122 2527 269 2578 terrarum
290 2523 479 2595 constituisti,
505 2542 564 2598 quo
587 2523 671 2598 plebs
690 2528 744 2580 tua
767 2523 861 2580 fidelis
884 2523 1025 2580 immunis
1048 2523 1087 2580 ab
1107 2522 1191 2580 omni
1211 2523 1325 2600 impetu

122 2602 264 2677 nequitiae
287 2623 388 2661 secura
409 2608 440 2660 ct
462 2603 563 2696 quieta
582 2608 786 2678 permaneret;
809 2604 911 2660 adesto
928 2603 1213 2697 supplicationibus
1208 2605 1325 2677 nostris,

123 2688 153 2739 et
167 2683 246 2740 hunc
261 2703 368 2755 ensem,
385 2683 525 2761 (respice)
539 2703 627 2760 quem
640 2684 827 2741 invocatione
840 2684 887 2740 tui
900 2683 1078 2742 sanctissimi
1098 2683 1231 2741 nominis
1244 2650 1327 2743 bend

124 2763 257 2835 dicimus,
277 2728 637 2857 benedicereffldignare,
654 2769 690 2821 ut
711 2763 839 2821 famulus
860 2770 931 2821 tuus
951 2764 1000 2822 cui
1020 2784 1098 2835 eum,
1119 2770 1152 2821 te
1172 2764 1325 2841 largiente,

124 2845 309 2902 concedimus
337 2864 370 2902 ae
397 2846 498 2921 accin
482 2845 585 2916 rimus,
614 2844 656 2901 sic
683 2863 717 2901 eo
748 2850 870 2916 utatur3
908 2843 969 2902 Hie
1001 2844 1154 2919 1111111911
1187 2842 1328 2904 Sacerdos

123 2924 246 2982 militena
264 2945 330 2982 111111
348 2946 433 2995 ense,·
454 2925 595 3018 quatinus
620 2932 651 2982 et
670 2925 769 2991 hostes
787 2924 914 2982 ecclesias
935 2924 1110 2983 insidiantes
1128 2925 1287 3001 reprimat,
1299 2930 1328 2985 et

124 3003 252 3078 seipsum
279 3007 317 3063 ab
344 3007 425 3062 omni
452 3006 571 3063 inimico
599 3011 652 3062 tua
678 3006 860 3082 protectione
892 3011 1032 3081 potenter
1063 3005 1214 3063 defendat
1272 3006 1328 3065 Per

126 3083 286 3141 Christum.

186 3164 301 3223 Deinde
314 3175 448 3258 asperent
462 3166 600 3225 Sacerdos
620 3166 742 3225 militena
762 3186 826 3226 ense
846 3166 1025 3225 succinctam
1037 3186 1118 3242 aqna
1132 3166 1292 3241 benedicto,
1305 3175 1329 3227 tt

125 3245 237 3304 recedat
250 3245 357 3303 ntiles'
344 3267 379 3304 tn
392 3247 509 3306 nomine
523 3247 653 3306 Domini.

287 3458 546 3518 BENEDICTIO
569 3456 777 3518 CARNIUM
798 3459 849 3517 IN
871 3459 947 3517 DIE
968 3458 1161 3518 PASCHAE.

188 3611 266 3671 dam
280 3610 427 3667 Dominus
441 3611 593 3667 vobiscum
607 3618 633 3668 et
648 3609 780 3667 Oramus.
824 3608 934 3668 Oratio.

189 3681 272 3749 Deus
293 3691 357 3748 eseli
376 3697 521 3766 terraeque
542 3689 728 3761 Dominator,
743 3689 861 3765 quidus
874 3708 969 3747 escam
982 3687 1064 3746 omni
1084 3688 1169 3746 carni
1182 3694 1215 3747 et
1228 3690 1329 3767 imples

128 3792 216 3830 omne
229 3772 341 3829 animal
360 3771 564 3829 benedictione
574 3790 584 3843 ,·
606 3769 777 3849 beneffldic
797 3775 829 3827 et
848 3768 1047 3849 sanctifflfica
1065 3768 1144 3826 hanc
1164 3776 1327 3828 creaturam

126 3854 231 3926 earnis,
247 3858 282 3909 ut
295 3851 381 3908 nobis
401 3850 479 3908 dona
498 3857 552 3908 tua
571 3850 757 3907 sumentibus
771 3850 877 3907 animae
894 3855 925 3907 et
945 3849 1074 3926 corporis
1088 3850 1254 3908 sanitatem
1266 3868 1328 3909 con·

130 3934 221 3991 cedas.
265 3933 324 3989 Per
338 3931 491 3990 Christum
506 3931 669 3988 Dominum
682 3936 826 3989 nostrum.
867 3931 976 3988 Amen.

189 4013 261 4070 Alia
279 4013 380 4071 Oratio
395 4032 460 4070 cona
475 4012 607 4069 Oramus.
652 4010 761 4069 Oratio,

190 4094 282 4165 Deus,
306 4092 360 4169 qui
382 4093 528 4150 universae
552 4091 648 4150 carnis
672 4110 702 4148 es
725 4090 869 4163 conditor,
894 4091 947 4166 qui
971 4090 1037 4148 Noa
1061 4094 1092 4147 et
1115 4089 1188 4148 filiis
1211 4091 1275 4149 suis
1296 4090 1330 4149 da

129 4174 249 4231 mundis
270 4180 301 4231 et
322 4173 484 4230 immundis
511 4172 687 4230 animalibus
708 4177 855 4248 praecepta
878 4171 994 4243 dedisti,
1018 4171 1128 4247 quique
1151 4170 1234 4229 sicut
1254 4171 1330 4230 olera

128 4249 288 4311 herbarum
305 4253 436 4311 humano
455 4254 557 4331 generi
577 4251 779 4328 quadrupedia
798 4252 910 4309 munda
930 4215 1016 4309 edalo
1034 4250 1217 4327 permisisti3
1238 4248 1332 4329 etqui

136 4344 244 4405 sgnum
267 4335 301 4391 in
320 4334 455 4410 AEgypto
480 4333 581 4409 Moysi
603 4339 634 4390 et
661 4333 770 4408 populo
788 4333 872 4390 tuo
863 4353 896 4389 1n
915 4332 1018 4408 vigilia
1039 4330 1160 4388 Paschae
1182 4332 1332 4391 comedere

140 4413 320 4489 precepisti·
311 4434 344 4470 111
362 4415 488 4491 figuram
508 4414 578 4491 agni
596 4412 721 4470 Domini
741 4412 838 4470 nostri
856 4413 879 4471 J
880 4432 931 4472 esu
953 4411 1074 4484 Christi,
1088 4410 1175 4488 cujus
1188 4413 1332 4491 sanguine
