2850 4800
189 309 252 373 194
423 300 473 367 Ia
487 298 733 386 Paraflcatione
748 299 844 368 beata
857 299 979 366 Maria
997 298 1164 385 Vtrytate.

248 483 427 561 Aatiplwaa

249 581 343 639 Beata
364 579 424 637 Dei
442 578 583 655 genitrix,
602 578 701 637 Maria
716 579 800 655 virgo
816 583 968 655 perpetua,
983 577 1130 655 templum
1143 577 1281 653 Domini,
1301 598 1378 639 sacre

188 680 267 736 rium
289 678 418 754 Spiritus
432 677 541 748 Sancti,
557 677 620 735 sola
635 677 700 734 sine
717 675 853 753 exemplo
869 676 1008 753 placuisti
1021 676 1152 735 Domino
1164 676 1189 735 J
1189 696 1244 735 esu
1257 676 1377 751 Ohrislot

188 796 240 835 ora
253 796 307 853 pro
320 775 437 852 populo,
453 774 602 832 interveni
614 793 668 851 pro
681 773 767 847 clero,
782 774 931 832 intercede
944 792 998 850 pro
1011 773 1119 832 devoto
1131 774 1263 833 femineo
1280 793 1355 833 sexu.
1401 810 1420 866 5

249 873 291 931 Ia
305 882 427 948 tempore
440 869 586 929 Paschali.
629 869 778 947 Alleluya.

251 967 429 1045 Aratiplloaa.

249 1066 319 1124 Avo
333 1066 435 1141 regina
448 1063 606 1136 caelcrum3
626 1082 681 1120 ave
695 1062 826 1121 Domina
838 1060 1017 1139 angelorum.
1062 1061 1159 1136 Salve,
1168 1063 1258 1122 radix
1278 1068 1370 1135 mota,

191 1182 230 1220 cx
243 1181 303 1238 qua
314 1161 426 1219 mundo
439 1160 493 1218 lux
508 1166 553 1218 est
567 1165 632 1217 orta
643 1179 652 1232 ;
671 1158 766 1235 gaude
786 1159 920 1235 gloriosa,
935 1177 1023 1235 super
1042 1178 1143 1243 omnes
1156 1160 1307 1238 speciosa5
1324 1156 1373 1218 velt

191 1260 278 1318 valde
291 1259 403 1331 decora,
417 1263 449 1316 et
461 1276 515 1333 pro
528 1256 613 1314 nobis
626 1276 740 1331 semper
754 1255 907 1313 Christum
919 1274 1017 1313 exora

253 1354 296 1413 Ia
309 1352 590 1431 temporePaschali.
626 1351 775 1427 Alleluya.

197 1450 228 1511 V.
251 1451 320 1508 Ave
334 1451 433 1507 Maria
445 1449 490 1508 ael
501 1449 575 1506 Post
587 1453 720 1523 partum:
741 1447 910 1506 alternatim
920 1447 1068 1506 dicantur.

255 1545 368 1604 Oratio.
1406 1596 1424 1623 =.

254 1642 387 1699 Concede
400 1661 454 1699 nos
467 1641 593 1699 famulos
607 1647 683 1713 tuos,
699 1659 874 1716 quaesumus,
886 1639 1014 1698 Domine
1028 1639 1119 1713 Deus,
1134 1640 1377 1719 perpetuament‘s
1411 1636 1424 1699 .“

192 1744 224 1796 ct
247 1739 375 1814 corporis
397 1738 491 1795 salute
518 1738 654 1814 gaudere,
679 1742 710 1793 et
730 1737 857 1815 gloriosa
877 1738 971 1795 beatae
995 1737 1101 1795 Marias
1128 1756 1243 1815 semper
1268 1738 1378 1819 virginis

192 1835 400 1892 intercessione
413 1854 432 1892 a
444 1834 584 1911 praesenti
596 1833 717 1890 liberari
730 1833 854 1890 tristitia
867 1837 899 1891 et
918 1838 1029 1891 aeterna
1048 1834 1162 1910 perfrui
1178 1834 1294 1897 laetitia.
1332 1836 1380 1894 Per

191 1934 363 1992 Dominum.

252 2031 446 2087 Famulorum
459 2036 590 2101 tucrum,
605 2047 781 2104 quaesumus,
798 2027 935 2101 Domine,
949 2026 1064 2085 delictis
1077 2028 1203 2105 ignosce,
1220 2034 1257 2088 ut
1271 2030 1324 2107 qui
1334 2027 1382 2088 uti
1416 2094 1424 2113 .

192 2125 306 2203 placere
330 2125 366 2183 de
395 2125 510 2182 actibus
536 2124 645 2181 nostris
668 2143 729 2181 non
752 2123 910 2197 valeamus,
930 2124 1088 2200 genetricis
1107 2124 1180 2182 Filii
1203 2126 1252 2184 tui
1271 2122 1384 2186 Domini
1416 2116 1424 2133 ⁴

192 2224 287 2281 nostri
301 2222 509 2280 intercessione
523 2220 678 2278 salvemur.
722 2220 781 2276 Per
795 2219 928 2279 eundem.
1424 2202 1425 2209 ἵ

252 2320 294 2377 Et
308 2340 374 2378 cam
387 2317 559 2394 Antiphone
572 2316 606 2375 da
620 2335 701 2375 cruce
715 2317 875 2375 secandam
889 2316 1028 2376 ordinem.

251 2415 431 2492 Accipiam.

253 2513 279 2570 O
294 2532 369 2569 crux
388 2509 580 2581 admirabilis,
596 2510 748 2568 evacuatio
762 2509 903 2582 vulneris,
916 2509 1067 2567 restitutio
1079 2506 1225 2584 sanitatis,
1240 2510 1387 2570 adoromm

190 2609 285 2667 crucis
298 2606 491 2683 signaculum,
505 2625 558 2681 per
571 2605 650 2682 quod
663 2605 769 2662 salutis
782 2606 960 2681 sumpsimus
973 2610 1197 2665 sacramentum.

252 2704 435 2781 Antiarlioaa.

254 2802 349 2858 Tuam
370 2819 486 2858 crucem
505 2798 670 2870 adoramus,
692 2795 821 2855 Domine
832 2818 841 2871 ;
872 2803 955 2856 tuam
972 2797 1129 2875 gloriosam
1149 2800 1307 2861 recolimus
1327 2800 1391 2861 Pas·

193 2898 305 2955 sionem
317 2917 326 2969 ;
346 2898 484 2955 miserere
494 2896 587 2968 nobis,
604 2895 657 2971 qui
669 2915 773 2972 passus
786 2915 817 2954 es
830 2915 884 2971 pro
897 2896 991 2955 nobis.

254 2991 433 3067 Antiphone.

256 3089 393 3147 Salvator
413 3091 526 3164 mundi,
550 3089 632 3148 salva
655 3108 710 3148 nos
722 3109 731 3162 3
758 3088 811 3165 qui
834 3108 887 3166 per
914 3107 1029 3147 crucem
1055 3094 1086 3147 et
1109 3091 1286 3169 sangninem
1309 3098 1390 3153 tuum

195 3185 346 3243 redemisti
359 3205 421 3259 nos,
437 3187 580 3244 auxiliare
592 3186 687 3258 nobis,
701 3192 732 3245 te
745 3186 943 3262 deprecamur,
955 3184 1038 3244 Deus
1049 3191 1158 3248 noster.

257 3282 299 3339 Et
312 3291 402 3342 cetera
415 3291 449 3341 at
462 3303 554 3359 supra
566 3292 716 3343 notantur.

1409 526 1422 581 Γ

1404 1230 1423 1273 t

421 3524 461 3583 Iu
481 3524 728 3583 Pumrrcirmus
748 3537 854 3580 saara
874 3520 991 3580 Misia
1011 3522 1169 3596 Vmonus,

255 3678 338 3736 Dum
350 3674 563 3734 illuminantur
575 3673 710 3745 candela,
727 3672 923 3732 camelarias
936 3672 1127 3750 Antilibano:

253 3984 395 4041 Lu-mcn
421 3977 1060 4055 adre·ve-la·ti·o·nemgen-ti-um
1103 3985 1134 4039 et
1180 3982 1361 4060 glo.1·1.2m

198 4171 782 4326 ΕΑ

233 4337 356 4413 ple-bis
404 4342 513 4396 tu·ae
553 4334 726 4394 Is·ra·el
