<?xml version="1.0" encoding="UTF-8"?>
<!DOCTYPE html PUBLIC "-//W3C//DTD XHTML 1.0 Transitional//EN"
    "http://www.w3.org/TR/xhtml1/DTD/xhtml1-transitional.dtd">
<html xmlns="http://www.w3.org/1999/xhtml" xml:lang="en" lang="en">
 <head>
  <title>
</title>
<meta http-equiv="Content-Type" content="text/html;charset=utf-8" />
  <meta name='ocr-system' content='tesseract 3.04.00' />
  <meta name='ocr-capabilities' content='ocr_page ocr_carea ocr_par ocr_line ocrx_word'/>
</head>
<body>
  <div class='ocr_page' id='page_1' title='image "./manualeetproces00churgoog_0091.png"; bbox 0 0 2850 4800; ppageno 0'>
   <div class='ocr_carea' id='block_1_1' title="bbox 162 258 1015 372">
    <p class='ocr_par' dir='ltr' id='par_1_1' title="bbox 162 258 1015 372">
     <span class='ocr_line' id='line_1_1' title="bbox 162 258 1015 372; baseline 0 -29"><span class='ocrx_word' id='word_1_1' title='bbox 162 258 202 345; x_wconf 76' lang='lat'><strong>56</strong></span> <span class='ocrx_word' id='word_1_2' title='bbox 515 275 769 372; x_wconf 72' lang='lat' dir='ltr'><strong>Commendatio</strong></span> <span class='ocrx_word' id='word_1_3' title='bbox 790 277 1015 344; x_wconf 64' lang='lat' dir='ltr'><strong>Animorum.</strong></span> 
     </span>
    </p>
   </div>
   <div class='ocr_carea' id='block_1_2' title="bbox 66 449 1371 4422">
    <p class='ocr_par' dir='ltr' id='par_1_2' title="bbox 66 449 1371 1896">
     <span class='ocr_line' id='line_1_2' title="bbox 155 449 1368 538; baseline 0 -20"><span class='ocrx_word' id='word_1_4' title='bbox 155 460 382 519; x_wconf 87' lang='lat' dir='ltr'><strong>similitudinem</strong></span> <span class='ocrx_word' id='word_1_5' title='bbox 406 466 490 519; x_wconf 89' lang='lat' dir='ltr'><strong>tuam</strong></span> <span class='ocrx_word' id='word_1_6' title='bbox 517 449 662 536; x_wconf 87' lang='lat' dir='ltr'><strong>inspirare</strong></span> <span class='ocrx_word' id='word_1_7' title='bbox 690 459 829 535; x_wconf 85' lang='lat' dir='ltr'><strong>dignatus</strong></span> <span class='ocrx_word' id='word_1_8' title='bbox 856 479 895 532; x_wconf 90' lang='lat' dir='ltr'><strong>es,</strong></span> <span class='ocrx_word' id='word_1_9' title='bbox 918 460 990 517; x_wconf 91' lang='lat' dir='ltr'><strong>dum</strong></span> <span class='ocrx_word' id='word_1_10' title='bbox 1013 465 1045 518; x_wconf 89' lang='lat' dir='ltr'><strong>to</strong></span> <span class='ocrx_word' id='word_1_11' title='bbox 1064 460 1190 537; x_wconf 81' lang='lat' dir='ltr'><strong>jubente</strong></span> <span class='ocrx_word' id='word_1_12' title='bbox 1214 459 1314 538; x_wconf 89' lang='lat' dir='ltr'><strong>pulvis</strong></span> <span class='ocrx_word' id='word_1_13' title='bbox 1335 461 1368 518; x_wconf 91' lang='lat' dir='ltr'><strong>in</strong></span> 
     </span>
     <span class='ocr_line' id='line_1_3' title="bbox 154 557 1370 636; baseline 0.002 -20"><span class='ocrx_word' id='word_1_14' title='bbox 154 559 514 636; x_wconf 22' lang='lat' dir='ltr'><strong>pulverem-revertitur3</strong></span> <span class='ocrx_word' id='word_1_15' title='bbox 538 563 574 616; x_wconf 92' lang='lat' dir='ltr'><strong>tu</strong></span> <span class='ocrx_word' id='word_1_16' title='bbox 597 557 758 632; x_wconf 84' lang='lat' dir='ltr'>imaginem</span> <span class='ocrx_word' id='word_1_17' title='bbox 785 563 870 614; x_wconf 89' lang='lat' dir='ltr'><strong>tuam</strong></span> <span class='ocrx_word' id='word_1_18' title='bbox 897 577 965 615; x_wconf 93' lang='lat' dir='ltr'><strong>cum</strong></span> <span class='ocrx_word' id='word_1_19' title='bbox 992 558 1102 616; x_wconf 90' lang='lat' dir='ltr'><strong>sanctis</strong></span> <span class='ocrx_word' id='word_1_20' title='bbox 1128 563 1159 616; x_wconf 90' lang='lat' dir='ltr'><strong>et</strong></span> <span class='ocrx_word' id='word_1_21' title='bbox 1185 557 1288 616; x_wconf 85' lang='lat' dir='ltr'><strong>clectis</strong></span> <span class='ocrx_word' id='word_1_22' title='bbox 1307 559 1370 618; x_wconf 91' lang='lat' dir='ltr'><strong>tuis</strong></span> 
     </span>
     <span class='ocr_line' id='line_1_4' title="bbox 66 653 1371 734; baseline 0.002 -21"><span class='ocrx_word' id='word_1_23' title='bbox 66 663 68 668; x_wconf 84' lang='lat'>&#39;</span> <span class='ocrx_word' id='word_1_24' title='bbox 155 653 274 713; x_wconf 89' lang='lat' dir='ltr'><strong>aeternis</strong></span> <span class='ocrx_word' id='word_1_25' title='bbox 288 654 407 713; x_wconf 89' lang='lat' dir='ltr'><strong>sedibus</strong></span> <span class='ocrx_word' id='word_1_26' title='bbox 426 655 580 732; x_wconf 74' lang='lat' dir='ltr'><strong>praecipias</strong></span> <span class='ocrx_word' id='word_1_27' title='bbox 600 654 714 727; x_wconf 89' lang='lat' dir='ltr'><strong>sociari,</strong></span> <span class='ocrx_word' id='word_1_28' title='bbox 729 674 852 732; x_wconf 88' lang='lat' dir='ltr'><strong>eamque</strong></span> <span class='ocrx_word' id='word_1_29' title='bbox 865 656 903 712; x_wconf 89' lang='lat' dir='ltr'><strong>ad</strong></span> <span class='ocrx_word' id='word_1_30' title='bbox 924 662 955 713; x_wconf 87' lang='lat' dir='ltr'><strong>te</strong></span> <span class='ocrx_word' id='word_1_31' title='bbox 975 660 1175 714; x_wconf 87' lang='lat' dir='ltr'><strong>revertentem</strong></span> <span class='ocrx_word' id='word_1_32' title='bbox 1189 656 1226 714; x_wconf 92' lang='lat' dir='ltr'><strong>de</strong></span> <span class='ocrx_word' id='word_1_33' title='bbox 1239 655 1371 734; x_wconf 81' lang='lat' dir='ltr'><strong>AEgypti</strong></span> 
     </span>
     <span class='ocr_line' id='line_1_5' title="bbox 152 752 1369 830; baseline 0 -17"><span class='ocrx_word' id='word_1_34' title='bbox 152 753 288 829; x_wconf 87' lang='lat' dir='ltr'><strong>partibus</strong></span> <span class='ocrx_word' id='word_1_35' title='bbox 312 753 420 811; x_wconf 81' lang='lat' dir='ltr'>blande</span> <span class='ocrx_word' id='word_1_36' title='bbox 439 754 607 830; x_wconf 86' lang='lat' dir='ltr'><strong>leniterque</strong></span> <span class='ocrx_word' id='word_1_37' title='bbox 631 752 781 829; x_wconf 76' lang='lat' dir='ltr'><strong>suscipias,</strong></span> <span class='ocrx_word' id='word_1_38' title='bbox 799 758 829 810; x_wconf 88' lang='lat' dir='ltr'><strong>et</strong></span> <span class='ocrx_word' id='word_1_39' title='bbox 850 752 968 829; x_wconf 81' lang='lat' dir='ltr'><strong>angelos</strong></span> <span class='ocrx_word' id='word_1_40' title='bbox 990 758 1057 811; x_wconf 90' lang='lat' dir='ltr'><strong>tuos</strong></span> <span class='ocrx_word' id='word_1_41' title='bbox 1075 759 1191 811; x_wconf 89' lang='lat' dir='ltr'><strong>sanctos</strong></span> <span class='ocrx_word' id='word_1_42' title='bbox 1205 754 1233 811; x_wconf 85' lang='lat' dir='ltr'><strong>ei</strong></span> <span class='ocrx_word' id='word_1_43' title='bbox 1247 754 1369 813; x_wconf 87' lang='lat' dir='ltr'><strong>obviam</strong></span> 
     </span>
     <span class='ocr_line' id='line_1_6' title="bbox 154 848 1366 927; baseline 0 -19"><span class='ocrx_word' id='word_1_44' title='bbox 154 851 265 921; x_wconf 87' lang='lat' dir='ltr'><strong>mittas,</strong></span> <span class='ocrx_word' id='word_1_45' title='bbox 293 850 432 927; x_wconf 86' lang='lat' dir='ltr'><strong>viamque</strong></span> <span class='ocrx_word' id='word_1_46' title='bbox 460 851 506 908; x_wconf 91' lang='lat' dir='ltr'><strong>illi</strong></span> <span class='ocrx_word' id='word_1_47' title='bbox 529 850 657 926; x_wconf 87' lang='lat' dir='ltr'><strong>justitiae</strong></span> <span class='ocrx_word' id='word_1_48' title='bbox 678 849 854 922; x_wconf 88' lang='lat' dir='ltr'><strong>demonstra,</strong></span> <span class='ocrx_word' id='word_1_49' title='bbox 882 855 914 906; x_wconf 91' lang='lat' dir='ltr'><strong>et</strong></span> <span class='ocrx_word' id='word_1_50' title='bbox 940 855 1040 925; x_wconf 89' lang='lat' dir='ltr'><strong>portas</strong></span> <span class='ocrx_word' id='word_1_51' title='bbox 1067 848 1167 926; x_wconf 85' lang='lat' dir='ltr'><strong>gloriae</strong></span> <span class='ocrx_word' id='word_1_52' title='bbox 1194 854 1255 908; x_wconf 84' lang='lat' dir='ltr'><strong>tuae</strong></span> <span class='ocrx_word' id='word_1_53' title='bbox 1276 850 1366 927; x_wconf 88' lang='lat' dir='ltr'><strong>aperi.</strong></span> 
     </span>
     <span class='ocr_line' id='line_1_7' title="bbox 155 945 1369 1024; baseline 0 -20"><span class='ocrx_word' id='word_1_54' title='bbox 155 947 287 1024; x_wconf 87' lang='lat' dir='ltr'><strong>Repelle,</strong></span> <span class='ocrx_word' id='word_1_55' title='bbox 299 967 476 1023; x_wconf 88' lang='lat' dir='ltr'><strong>quaesumus,</strong></span> <span class='ocrx_word' id='word_1_56' title='bbox 489 949 526 1004; x_wconf 90' lang='lat' dir='ltr'><strong>ab</strong></span> <span class='ocrx_word' id='word_1_57' title='bbox 540 966 575 1004; x_wconf 87' lang='lat' dir='ltr'><strong>ea</strong></span> <span class='ocrx_word' id='word_1_58' title='bbox 589 965 689 1004; x_wconf 88' lang='lat' dir='ltr'><strong>omnes</strong></span> <span class='ocrx_word' id='word_1_59' title='bbox 703 945 851 1022; x_wconf 82' lang='lat' dir='ltr'><strong>principes</strong></span> <span class='ocrx_word' id='word_1_60' title='bbox 861 947 1060 1018; x_wconf 90' lang='lat' dir='ltr'><strong>tenebrarum,</strong></span> <span class='ocrx_word' id='word_1_61' title='bbox 1075 952 1106 1004; x_wconf 90' lang='lat' dir='ltr'><strong>et</strong></span> <span class='ocrx_word' id='word_1_62' title='bbox 1119 965 1243 1023; x_wconf 83' lang='lat' dir='ltr'><strong>agnosce</strong></span> <span class='ocrx_word' id='word_1_63' title='bbox 1256 946 1369 1024; x_wconf 90' lang='lat' dir='ltr'><strong>deposi-</strong></span> 
     </span>
     <span class='ocr_line' id='line_1_8' title="bbox 153 1040 1369 1120; baseline 0 -19"><span class='ocrx_word' id='word_1_64' title='bbox 153 1049 220 1101; x_wconf 89' lang='lat' dir='ltr'><strong>tum</strong></span> <span class='ocrx_word' id='word_1_65' title='bbox 241 1044 327 1101; x_wconf 88' lang='lat' dir='ltr'><strong>fidele</strong></span> <span class='ocrx_word' id='word_1_66' title='bbox 348 1040 427 1120; x_wconf 91' lang='lat' dir='ltr'><strong>quod</strong></span> <span class='ocrx_word' id='word_1_67' title='bbox 448 1050 536 1101; x_wconf 92' lang='lat' dir='ltr'><strong>tuum</strong></span> <span class='ocrx_word' id='word_1_68' title='bbox 556 1049 609 1101; x_wconf 85' lang='lat' dir='ltr'><strong>est.</strong></span> <span class='ocrx_word' id='word_1_69' title='bbox 653 1042 783 1119; x_wconf 83' lang='lat' dir='ltr'><strong>Suscipe,</strong></span> <span class='ocrx_word' id='word_1_70' title='bbox 805 1043 943 1116; x_wconf 90' lang='lat' dir='ltr'><strong>Domine,</strong></span> <span class='ocrx_word' id='word_1_71' title='bbox 966 1049 1132 1101; x_wconf 84' lang='lat' dir='ltr'><strong>creaturam</strong></span> <span class='ocrx_word' id='word_1_72' title='bbox 1152 1049 1237 1101; x_wconf 85' lang='lat' dir='ltr'><strong>tuam</strong></span> <span class='ocrx_word' id='word_1_73' title='bbox 1254 1063 1317 1103; x_wconf 92' lang='lat' dir='ltr'><strong>non</strong></span> <span class='ocrx_word' id='word_1_74' title='bbox 1330 1063 1369 1102; x_wconf 82' lang='lat' dir='ltr'><strong>ex</strong></span> 
     </span>
     <span class='ocr_line' id='line_1_9' title="bbox 154 1138 1369 1217; baseline 0.001 -20"><span class='ocrx_word' id='word_1_75' title='bbox 154 1141 211 1198; x_wconf 90' lang='lat' dir='ltr'><strong>diis</strong></span> <span class='ocrx_word' id='word_1_76' title='bbox 225 1140 330 1197; x_wconf 88' lang='lat' dir='ltr'><strong>alienis</strong></span> <span class='ocrx_word' id='word_1_77' title='bbox 344 1145 481 1214; x_wconf 89' lang='lat' dir='ltr'><strong>creatam,</strong></span> <span class='ocrx_word' id='word_1_78' title='bbox 497 1141 548 1198; x_wconf 91' lang='lat' dir='ltr'><strong>sed</strong></span> <span class='ocrx_word' id='word_1_79' title='bbox 568 1160 587 1197; x_wconf 92' lang='lat' dir='ltr'><strong>a</strong></span> <span class='ocrx_word' id='word_1_80' title='bbox 606 1145 637 1198; x_wconf 88' lang='lat' dir='ltr'><strong>te</strong></span> <span class='ocrx_word' id='word_1_81' title='bbox 651 1140 713 1198; x_wconf 88' lang='lat' dir='ltr'><strong>solo</strong></span> <span class='ocrx_word' id='word_1_82' title='bbox 733 1138 798 1196; x_wconf 85' lang='lat' dir='ltr'><strong>Deo</strong></span> <span class='ocrx_word' id='word_1_83' title='bbox 816 1139 886 1196; x_wconf 83' lang='lat' dir='ltr'><strong>vivo</strong></span> <span class='ocrx_word' id='word_1_84' title='bbox 903 1146 935 1198; x_wconf 87' lang='lat' dir='ltr'><strong>et</strong></span> <span class='ocrx_word' id='word_1_85' title='bbox 951 1159 1044 1198; x_wconf 87' lang='lat' dir='ltr'><strong>vero:</strong></span> <span class='ocrx_word' id='word_1_86' title='bbox 1068 1139 1139 1217; x_wconf 91' lang='lat' dir='ltr'><strong>quia</strong></span> <span class='ocrx_word' id='word_1_87' title='bbox 1158 1159 1219 1198; x_wconf 89' lang='lat' dir='ltr'><strong>non</strong></span> <span class='ocrx_word' id='word_1_88' title='bbox 1232 1147 1279 1199; x_wconf 87' lang='lat' dir='ltr'><strong>cst</strong></span> <span class='ocrx_word' id='word_1_89' title='bbox 1291 1140 1369 1198; x_wconf 85' lang='lat' dir='ltr'><strong>alius</strong></span> 
     </span>
     <span class='ocr_line' id='line_1_10' title="bbox 154 1235 1368 1313; baseline 0 -19"><span class='ocrx_word' id='word_1_90' title='bbox 154 1242 264 1303; x_wconf 83' lang='lat' dir='ltr'><strong>praeter</strong></span> <span class='ocrx_word' id='word_1_91' title='bbox 283 1243 323 1308; x_wconf 90' lang='lat' dir='ltr'><strong>te,</strong></span> <span class='ocrx_word' id='word_1_92' title='bbox 338 1237 477 1310; x_wconf 88' lang='lat' dir='ltr'><strong>Domine,</strong></span> <span class='ocrx_word' id='word_1_93' title='bbox 492 1242 523 1295; x_wconf 89' lang='lat' dir='ltr'><strong>et</strong></span> <span class='ocrx_word' id='word_1_94' title='bbox 543 1256 603 1294; x_wconf 91' lang='lat' dir='ltr'><strong>non</strong></span> <span class='ocrx_word' id='word_1_95' title='bbox 621 1242 666 1294; x_wconf 87' lang='lat' dir='ltr'><strong>est</strong></span> <span class='ocrx_word' id='word_1_96' title='bbox 684 1235 846 1293; x_wconf 89' lang='lat' dir='ltr'><strong>secundum</strong></span> <span class='ocrx_word' id='word_1_97' title='bbox 867 1241 1035 1313; x_wconf 89' lang='lat' dir='ltr'><strong>operatua.</strong></span> <span class='ocrx_word' id='word_1_98' title='bbox 1079 1236 1219 1309; x_wconf 88' lang='lat' dir='ltr'><strong>Laetifica‚</strong></span> <span class='ocrx_word' id='word_1_99' title='bbox 1243 1236 1368 1295; x_wconf 88' lang='lat' dir='ltr'><strong>clemen·</strong></span> 
     </span>
     <span class='ocr_line' id='line_1_11' title="bbox 152 1333 1368 1407; baseline 0.001 -15"><span class='ocrx_word' id='word_1_100' title='bbox 152 1336 266 1392; x_wconf 89' lang='lat' dir='ltr'><strong>tissime</strong></span> <span class='ocrx_word' id='word_1_101' title='bbox 280 1335 372 1407; x_wconf 77' lang='lat' dir='ltr'><strong>Deua,</strong></span> <span class='ocrx_word' id='word_1_102' title='bbox 389 1337 519 1393; x_wconf 91' lang='lat' dir='ltr'><strong>animam</strong></span> <span class='ocrx_word' id='word_1_103' title='bbox 540 1335 620 1392; x_wconf 85' lang='lat' dir='ltr'><strong>servi</strong></span> <span class='ocrx_word' id='word_1_104' title='bbox 639 1333 695 1406; x_wconf 91' lang='lat' dir='ltr'><strong>tui,</strong></span> <span class='ocrx_word' id='word_1_105' title='bbox 711 1340 742 1391; x_wconf 89' lang='lat' dir='ltr'><strong>et</strong></span> <span class='ocrx_word' id='word_1_106' title='bbox 763 1333 891 1391; x_wconf 88' lang='lat' dir='ltr'><strong>clarifica</strong></span> <span class='ocrx_word' id='word_1_107' title='bbox 903 1353 968 1392; x_wconf 92' lang='lat' dir='ltr'><strong>eam</strong></span> <span class='ocrx_word' id='word_1_108' title='bbox 988 1334 1022 1391; x_wconf 91' lang='lat' dir='ltr'><strong>in</strong></span> <span class='ocrx_word' id='word_1_109' title='bbox 1039 1334 1236 1393; x_wconf 83' lang='lat' dir='ltr'><strong>multitudine</strong></span> <span class='ocrx_word' id='word_1_110' title='bbox 1255 1335 1368 1393; x_wconf 89' lang='lat' dir='ltr'><strong>miseri·</strong></span> 
     </span>
     <span class='ocr_line' id='line_1_12' title="bbox 153 1429 1368 1508; baseline 0.001 -20"><span class='ocrx_word' id='word_1_111' title='bbox 153 1433 259 1489; x_wconf 89' lang='lat' dir='ltr'><strong>cordiae</strong></span> <span class='ocrx_word' id='word_1_112' title='bbox 273 1437 341 1489; x_wconf 87' lang='lat' dir='ltr'><strong>tuae.</strong></span> <span class='ocrx_word' id='word_1_113' title='bbox 385 1431 417 1488; x_wconf 85' lang='lat' dir='ltr'>N</span> <span class='ocrx_word' id='word_1_114' title='bbox 418 1452 434 1489; x_wconf 94' lang='lat' dir='ltr'><strong>e</strong></span> <span class='ocrx_word' id='word_1_115' title='bbox 454 1431 631 1503; x_wconf 90' lang='lat' dir='ltr'><strong>memineris,</strong></span> <span class='ocrx_word' id='word_1_116' title='bbox 647 1450 825 1507; x_wconf 87' lang='lat' dir='ltr'><strong>quaesumus,</strong></span> <span class='ocrx_word' id='word_1_117' title='bbox 847 1429 985 1504; x_wconf 89' lang='lat' dir='ltr'><strong>Domine,</strong></span> <span class='ocrx_word' id='word_1_118' title='bbox 1000 1431 1197 1508; x_wconf 75' lang='lat' dir='ltr'><strong>iniquitatum</strong></span> <span class='ocrx_word' id='word_1_119' title='bbox 1214 1432 1279 1508; x_wconf 87' lang='lat' dir='ltr'><strong>ejus</strong></span> <span class='ocrx_word' id='word_1_120' title='bbox 1292 1432 1368 1490; x_wconf 88' lang='lat' dir='ltr'><strong>anti·</strong></span> 
     </span>
     <span class='ocr_line' id='line_1_13' title="bbox 153 1528 1369 1605; baseline 0.002 -20"><span class='ocrx_word' id='word_1_121' title='bbox 153 1546 280 1604; x_wconf 90' lang='lat' dir='ltr'><strong>quarum</strong></span> <span class='ocrx_word' id='word_1_122' title='bbox 294 1536 325 1587; x_wconf 91' lang='lat' dir='ltr'><strong>et</strong></span> <span class='ocrx_word' id='word_1_123' title='bbox 347 1530 526 1587; x_wconf 73' lang='lat' dir='ltr'><strong>ebrietatum</strong></span> <span class='ocrx_word' id='word_1_124' title='bbox 546 1529 610 1605; x_wconf 90' lang='lat' dir='ltr'><strong>ejus</strong></span> <span class='ocrx_word' id='word_1_125' title='bbox 632 1548 704 1605; x_wconf 90' lang='lat' dir='ltr'><strong>quas</strong></span> <span class='ocrx_word' id='word_1_126' title='bbox 725 1528 881 1585; x_wconf 81' lang='lat' dir='ltr'><strong>suscitavit</strong></span> <span class='ocrx_word' id='word_1_127' title='bbox 902 1528 986 1586; x_wconf 88' lang='lat' dir='ltr'><strong>furor</strong></span> <span class='ocrx_word' id='word_1_128' title='bbox 1002 1529 1075 1586; x_wconf 92' lang='lat' dir='ltr'><strong>mali</strong></span> <span class='ocrx_word' id='word_1_129' title='bbox 1092 1528 1239 1587; x_wconf 86' lang='lat' dir='ltr'><strong>desiderii.</strong></span> <span class='ocrx_word' id='word_1_130' title='bbox 1282 1528 1369 1588; x_wconf 83' lang='lat' dir='ltr'><strong>Licet</strong></span> 
     </span>
     <span class='ocr_line' id='line_1_14' title="bbox 152 1610 1368 1704; baseline 0.002 -21"><span class='ocrx_word' id='word_1_131' title='bbox 152 1627 233 1683; x_wconf 89' lang='lat' dir='ltr'><strong>enim</strong></span> <span class='ocrx_word' id='word_1_132' title='bbox 246 1628 419 1703; x_wconf 86' lang='lat' dir='ltr'><strong>peccaverit,</strong></span> <span class='ocrx_word' id='word_1_133' title='bbox 434 1633 534 1686; x_wconf 87' lang='lat' dir='ltr'><strong>tamen</strong></span> <span class='ocrx_word' id='word_1_134' title='bbox 549 1633 579 1685; x_wconf 91' lang='lat' dir='ltr'><strong>te</strong></span> <span class='ocrx_word' id='word_1_135' title='bbox 599 1647 660 1684; x_wconf 92' lang='lat' dir='ltr'><strong>non</strong></span> <span class='ocrx_word' id='word_1_136' title='bbox 680 1626 809 1701; x_wconf 88' lang='lat' dir='ltr'><strong>negavit,</strong></span> <span class='ocrx_word' id='word_1_137' title='bbox 825 1626 877 1683; x_wconf 91' lang='lat' dir='ltr'><strong>sed</strong></span> <span class='ocrx_word' id='word_1_138' title='bbox 894 1627 978 1704; x_wconf 83' lang='lat' dir='ltr'><strong>signo</strong></span> <span class='ocrx_word' id='word_1_139' title='bbox 991 1610 1243 1702; x_wconf 35' lang='lat' dir='ltr'><strong>fidei&#39;insignitus,</strong></span> <span class='ocrx_word' id='word_1_140' title='bbox 1259 1630 1300 1700; x_wconf 82' lang='lat' dir='ltr'><strong>te,</strong></span> <span class='ocrx_word' id='word_1_141' title='bbox 1315 1627 1368 1704; x_wconf 89' lang='lat' dir='ltr'><strong>qui</strong></span> 
     </span>
     <span class='ocr_line' id='line_1_15' title="bbox 152 1722 1367 1801; baseline 0.002 -23"><span class='ocrx_word' id='word_1_142' title='bbox 152 1723 252 1780; x_wconf 82' lang='lat' dir='ltr'><strong>omnia</strong></span> <span class='ocrx_word' id='word_1_143' title='bbox 265 1729 296 1781; x_wconf 87' lang='lat' dir='ltr'><strong>et</strong></span> <span class='ocrx_word' id='word_1_144' title='bbox 310 1745 378 1782; x_wconf 92' lang='lat' dir='ltr'><strong>eum</strong></span> <span class='ocrx_word' id='word_1_145' title='bbox 391 1725 471 1781; x_wconf 86' lang='lat' dir='ltr'><strong>inter</strong></span> <span class='ocrx_word' id='word_1_146' title='bbox 485 1724 585 1780; x_wconf 90' lang='lat' dir='ltr'><strong>omnia</strong></span> <span class='ocrx_word' id='word_1_147' title='bbox 598 1722 705 1794; x_wconf 85' lang='lat' dir='ltr'><strong>fecisti,</strong></span> <span class='ocrx_word' id='word_1_148' title='bbox 719 1722 848 1779; x_wconf 90' lang='lat' dir='ltr'><strong>fideliter</strong></span> <span class='ocrx_word' id='word_1_149' title='bbox 860 1723 1006 1780; x_wconf 84' lang='lat' dir='ltr'><strong>exoravit.</strong></span> <span class='ocrx_word' id='word_1_150' title='bbox 1050 1723 1111 1793; x_wconf 77' lang='lat' dir='ltr'><strong>Qui</strong></span> <span class='ocrx_word' id='word_1_151' title='bbox 1124 1722 1203 1781; x_wconf 85' lang='lat' dir='ltr'><strong>vivis</strong></span> <span class='ocrx_word' id='word_1_152' title='bbox 1215 1730 1247 1781; x_wconf 88' lang='lat' dir='ltr'><strong>et</strong></span> <span class='ocrx_word' id='word_1_153' title='bbox 1260 1743 1367 1801; x_wconf 84' lang='lat' dir='ltr'><strong>regnas</strong></span> 
     </span>
     <span class='ocr_line' id='line_1_16' title="bbox 153 1819 887 1896; baseline 0.004 -21"><span class='ocrx_word' id='word_1_154' title='bbox 153 1819 243 1890; x_wconf 83' lang='lat' dir='ltr'><strong>Deus,</strong></span> <span class='ocrx_word' id='word_1_155' title='bbox 259 1840 312 1896; x_wconf 86' lang='lat' dir='ltr'><strong>per</strong></span> <span class='ocrx_word' id='word_1_156' title='bbox 325 1822 425 1878; x_wconf 90' lang='lat' dir='ltr'><strong>omnia</strong></span> <span class='ocrx_word' id='word_1_157' title='bbox 438 1819 544 1878; x_wconf 88' lang='lat' dir='ltr'><strong>saecula</strong></span> <span class='ocrx_word' id='word_1_158' title='bbox 554 1820 734 1877; x_wconf 86' lang='lat' dir='ltr'><strong>saeculorum.</strong></span> <span class='ocrx_word' id='word_1_159' title='bbox 779 1819 887 1879; x_wconf 90' lang='lat' dir='ltr'><strong>Amen.</strong></span> 
     </span>
    </p>

    <p class='ocr_par' dir='ltr' id='par_1_3' title="bbox 213 1916 395 1992">
     <span class='ocr_line' id='line_1_17' title="bbox 213 1916 395 1992; baseline 0.016 -19"><span class='ocrx_word' id='word_1_160' title='bbox 213 1916 395 1992; x_wconf 78' lang='lat' dir='ltr'><strong>Aratipltoaa.</strong></span> 
     </span>
    </p>

    <p class='ocr_par' dir='ltr' id='par_1_4' title="bbox 152 2014 1364 2190">
     <span class='ocr_line' id='line_1_18' title="bbox 213 2014 1364 2093; baseline 0.001 -21"><span class='ocrx_word' id='word_1_161' title='bbox 213 2015 328 2075; x_wconf 76' lang='lat' dir='ltr'><strong>Chorus</strong></span> <span class='ocrx_word' id='word_1_162' title='bbox 346 2017 519 2093; x_wconf 82' lang='lat' dir='ltr'><strong>angelorum</strong></span> <span class='ocrx_word' id='word_1_163' title='bbox 532 2020 563 2072; x_wconf 88' lang='lat' dir='ltr'><strong>te</strong></span> <span class='ocrx_word' id='word_1_164' title='bbox 577 2014 727 2090; x_wconf 87' lang='lat' dir='ltr'><strong>suscipiat,</strong></span> <span class='ocrx_word' id='word_1_165' title='bbox 743 2015 819 2091; x_wconf 85' lang='lat' dir='ltr'><strong>etin</strong></span> <span class='ocrx_word' id='word_1_166' title='bbox 833 2014 901 2071; x_wconf 90' lang='lat' dir='ltr'><strong>sinu</strong></span> <span class='ocrx_word' id='word_1_167' title='bbox 911 2014 1046 2086; x_wconf 35' lang='lat' dir='ltr'><strong>,Abrahae</strong></span> <span class='ocrx_word' id='word_1_168' title='bbox 1061 2020 1091 2073; x_wconf 92' lang='lat' dir='ltr'><strong>te</strong></span> <span class='ocrx_word' id='word_1_169' title='bbox 1105 2014 1236 2089; x_wconf 88' lang='lat' dir='ltr'><strong>collocet,</strong></span> <span class='ocrx_word' id='word_1_170' title='bbox 1252 2019 1283 2073; x_wconf 87' lang='lat' dir='ltr'><strong>et</strong></span> <span class='ocrx_word' id='word_1_171' title='bbox 1297 2033 1364 2073; x_wconf 90' lang='lat' dir='ltr'><strong>cum</strong></span> 
     </span>
     <span class='ocr_line' id='line_1_19' title="bbox 152 2110 1001 2190; baseline 0.002 -22"><span class='ocrx_word' id='word_1_172' title='bbox 152 2110 262 2171; x_wconf 85' lang='lat' dir='ltr'><strong>Lazaro</strong></span> <span class='ocrx_word' id='word_1_173' title='bbox 276 2115 427 2190; x_wconf 89' lang='lat' dir='ltr'><strong>quondam</strong></span> <span class='ocrx_word' id='word_1_174' title='bbox 440 2132 570 2190; x_wconf 85' lang='lat' dir='ltr'><strong>paupere</strong></span> <span class='ocrx_word' id='word_1_175' title='bbox 583 2117 725 2170; x_wconf 84' lang='lat' dir='ltr'><strong>aeternam</strong></span> <span class='ocrx_word' id='word_1_176' title='bbox 738 2111 846 2169; x_wconf 88' lang='lat' dir='ltr'><strong>habeas</strong></span> <span class='ocrx_word' id='word_1_177' title='bbox 860 2112 1001 2188; x_wconf 87' lang='lat' dir='ltr'><strong>requiem.</strong></span> 
     </span>
    </p>

    <p class='ocr_par' dir='ltr' id='par_1_5' title="bbox 212 2209 859 2289">
     <span class='ocr_line' id='line_1_20' title="bbox 212 2209 859 2289; baseline -0.003 -21"><span class='ocrx_word' id='word_1_178' title='bbox 212 2212 358 2271; x_wconf 79' lang='lat' dir='ltr'><strong>Paatmaa.</strong></span> <span class='ocrx_word' id='word_1_179' title='bbox 402 2211 506 2270; x_wconf 86' lang='lat' dir='ltr'><strong>Dilexi</strong></span> <span class='ocrx_word' id='word_1_180' title='bbox 519 2210 660 2289; x_wconf 91' lang='lat' dir='ltr'><strong>quoniam</strong></span> <span class='ocrx_word' id='word_1_181' title='bbox 678 2210 747 2287; x_wconf 84' lang='lat' dir='ltr'><strong>(Pa.</strong></span> <span class='ocrx_word' id='word_1_182' title='bbox 765 2209 859 2285; x_wconf 78' lang='lat' dir='ltr'><strong>caio.)</strong></span> 
     </span>
    </p>

    <p class='ocr_par' dir='ltr' id='par_1_6' title="bbox 212 2307 931 2387">
     <span class='ocr_line' id='line_1_21' title="bbox 212 2307 931 2387; baseline -0.001 -20"><span class='ocrx_word' id='word_1_183' title='bbox 212 2310 361 2369; x_wconf 81' lang='lat' dir='ltr'><strong>Psatmaa</strong></span> <span class='ocrx_word' id='word_1_184' title='bbox 406 2311 526 2368; x_wconf 80' lang='lat' dir='ltr'><strong>Credidi</strong></span> <span class='ocrx_word' id='word_1_185' title='bbox 539 2315 660 2387; x_wconf 86' lang='lat' dir='ltr'><strong>propter</strong></span> <span class='ocrx_word' id='word_1_186' title='bbox 673 2309 753 2384; x_wconf 90' lang='lat' dir='ltr'><strong>quod</strong></span> <span class='ocrx_word' id='word_1_187' title='bbox 767 2307 834 2386; x_wconf 80' lang='lat' dir='ltr'><strong>(Pa</strong></span> <span class='ocrx_word' id='word_1_188' title='bbox 851 2307 931 2386; x_wconf 81' lang='lat' dir='ltr'><strong>caca.)</strong></span> 
     </span>
    </p>

    <p class='ocr_par' dir='ltr' id='par_1_7' title="bbox 211 2405 908 2482">
     <span class='ocr_line' id='line_1_22' title="bbox 211 2405 908 2482; baseline -0.003 -18"><span class='ocrx_word' id='word_1_189' title='bbox 211 2407 357 2466; x_wconf 81' lang='lat' dir='ltr'><strong>Paatmaa</strong></span> <span class='ocrx_word' id='word_1_190' title='bbox 401 2408 535 2466; x_wconf 86' lang='lat' dir='ltr'><strong>Laudato</strong></span> <span class='ocrx_word' id='word_1_191' title='bbox 549 2406 714 2464; x_wconf 92' lang='lat' dir='ltr'><strong>Dominum</strong></span> <span class='ocrx_word' id='word_1_192' title='bbox 728 2406 798 2482; x_wconf 82' lang='lat' dir='ltr'><strong>(Pa.</strong></span> <span class='ocrx_word' id='word_1_193' title='bbox 816 2405 908 2482; x_wconf 80' lang='lat' dir='ltr'><strong>cavi.)</strong></span> 
     </span>
    </p>

    <p class='ocr_par' dir='ltr' id='par_1_8' title="bbox 209 2503 798 2581">
     <span class='ocr_line' id='line_1_23' title="bbox 209 2503 798 2581; baseline -0.002 -21"><span class='ocrx_word' id='word_1_194' title='bbox 209 2504 356 2563; x_wconf 83' lang='lat' dir='ltr'><strong>Paatmaa.</strong></span> <span class='ocrx_word' id='word_1_195' title='bbox 402 2504 594 2562; x_wconf 83' lang='lat' dir='ltr'><strong>Oonfitemini</strong></span> <span class='ocrx_word' id='word_1_196' title='bbox 607 2503 674 2581; x_wconf 83' lang='lat' dir='ltr'><strong>(Pa</strong></span> <span class='ocrx_word' id='word_1_197' title='bbox 691 2503 798 2580; x_wconf 78' lang='lat' dir='ltr'><strong>cccvii.)</strong></span> 
     </span>
    </p>

    <p class='ocr_par' dir='ltr' id='par_1_9' title="bbox 210 2597 1281 2677">
     <span class='ocr_line' id='line_1_24' title="bbox 210 2597 1281 2677; baseline -0.001 -20"><span class='ocrx_word' id='word_1_198' title='bbox 210 2601 356 2659; x_wconf 82' lang='lat' dir='ltr'><strong>Paatmaa</strong></span> <span class='ocrx_word' id='word_1_199' title='bbox 401 2601 488 2658; x_wconf 88' lang='lat' dir='ltr'><strong>Beati</strong></span> <span class='ocrx_word' id='word_1_200' title='bbox 501 2600 674 2658; x_wconf 89' lang='lat' dir='ltr'><strong>immaculat</strong></span> <span class='ocrx_word' id='word_1_201' title='bbox 687 2599 754 2676; x_wconf 78' lang='lat' dir='ltr'><strong>(Pa</strong></span> <span class='ocrx_word' id='word_1_202' title='bbox 771 2597 865 2657; x_wconf 79' lang='lat' dir='ltr'><strong>ccviii.</strong></span> <span class='ocrx_word' id='word_1_203' title='bbox 882 2618 974 2674; x_wconf 79' lang='lat' dir='ltr'><strong>usqae</strong></span> <span class='ocrx_word' id='word_1_204' title='bbox 987 2597 1122 2674; x_wconf 78' lang='lat' dir='ltr'><strong>a&#39;afiacm</strong></span> <span class='ocrx_word' id='word_1_205' title='bbox 1136 2598 1281 2677; x_wconf 80' lang='lat' dir='ltr'><strong>Psalmi).</strong></span> 
     </span>
    </p>

    <p class='ocr_par' dir='ltr' id='par_1_10' title="bbox 211 2690 392 2772">
     <span class='ocr_line' id='line_1_25' title="bbox 211 2690 392 2772; baseline 0.011 -21"><span class='ocrx_word' id='word_1_206' title='bbox 211 2690 392 2772; x_wconf 78' lang='lat' dir='ltr'><strong>Antiplaoaa.</strong></span> 
     </span>
    </p>

    <p class='ocr_par' dir='ltr' id='par_1_11' title="bbox 153 2790 1362 2964">
     <span class='ocr_line' id='line_1_26' title="bbox 210 2790 1362 2868; baseline 0.006 -20"><span class='ocrx_word' id='word_1_207' title='bbox 210 2791 325 2850; x_wconf 78' lang='lat' dir='ltr'><strong>Chorus</strong></span> <span class='ocrx_word' id='word_1_208' title='bbox 345 2791 518 2868; x_wconf 85' lang='lat' dir='ltr'><strong>angelorum</strong></span> <span class='ocrx_word' id='word_1_209' title='bbox 531 2796 562 2848; x_wconf 90' lang='lat' dir='ltr'><strong>te</strong></span> <span class='ocrx_word' id='word_1_210' title='bbox 575 2791 718 2867; x_wconf 88' lang='lat' dir='ltr'><strong>suscipiat</strong></span> <span class='ocrx_word' id='word_1_211' title='bbox 731 2792 808 2850; x_wconf 89' lang='lat' dir='ltr'><strong>etin</strong></span> <span class='ocrx_word' id='word_1_212' title='bbox 826 2792 894 2850; x_wconf 91' lang='lat' dir='ltr'><strong>sinu</strong></span> <span class='ocrx_word' id='word_1_213' title='bbox 911 2790 1043 2850; x_wconf 82' lang='lat' dir='ltr'><strong>Abrahae</strong></span> <span class='ocrx_word' id='word_1_214' title='bbox 1056 2797 1087 2850; x_wconf 91' lang='lat' dir='ltr'><strong>te</strong></span> <span class='ocrx_word' id='word_1_215' title='bbox 1101 2792 1233 2866; x_wconf 88' lang='lat' dir='ltr'><strong>collocet,</strong></span> <span class='ocrx_word' id='word_1_216' title='bbox 1248 2798 1280 2851; x_wconf 88' lang='lat' dir='ltr'><strong>et</strong></span> <span class='ocrx_word' id='word_1_217' title='bbox 1294 2811 1362 2855; x_wconf 81' lang='lat' dir='ltr'><strong>cum</strong></span> 
     </span>
     <span class='ocr_line' id='line_1_27' title="bbox 153 2876 861 2964; baseline 0.001 -19"><span class='ocrx_word' id='word_1_218' title='bbox 153 2876 263 2946; x_wconf 78' lang='lat' dir='ltr'><strong>Lazaro</strong></span> <span class='ocrx_word' id='word_1_219' title='bbox 277 2888 428 2964; x_wconf 92' lang='lat' dir='ltr'><strong>quondam</strong></span> <span class='ocrx_word' id='word_1_220' title='bbox 441 2906 571 2963; x_wconf 88' lang='lat' dir='ltr'><strong>paupere</strong></span> <span class='ocrx_word' id='word_1_221' title='bbox 589 2893 732 2944; x_wconf 85' lang='lat' dir='ltr'><strong>aeternam</strong></span> <span class='ocrx_word' id='word_1_222' title='bbox 745 2888 861 2947; x_wconf 84' lang='lat' dir='ltr'><strong>habeas</strong></span> 
     </span>
    </p>

    <p class='ocr_par' dir='ltr' id='par_1_12' title="bbox 212 2984 841 3061">
     <span class='ocr_line' id='line_1_28' title="bbox 212 2984 841 3061; baseline 0.01 -20"><span class='ocrx_word' id='word_1_223' title='bbox 212 2985 360 3061; x_wconf 87' lang='lat' dir='ltr'><strong>Requiem</strong></span> <span class='ocrx_word' id='word_1_224' title='bbox 375 2989 516 3042; x_wconf 83' lang='lat' dir='ltr'><strong>aeternam</strong></span> <span class='ocrx_word' id='word_1_225' title='bbox 530 2984 608 3041; x_wconf 92' lang='lat' dir='ltr'><strong>dona</strong></span> <span class='ocrx_word' id='word_1_226' title='bbox 621 2984 673 3055; x_wconf 90' lang='lat' dir='ltr'><strong>eis,</strong></span> <span class='ocrx_word' id='word_1_227' title='bbox 689 2985 819 3043; x_wconf 91' lang='lat' dir='ltr'><strong>Domine</strong></span> <span class='ocrx_word' id='word_1_228' title='bbox 834 3007 841 3047; x_wconf 76' lang='grc' dir='ltr'><em>τ</em></span> 
     </span>
    </p>

    <p class='ocr_par' dir='ltr' id='par_1_13' title="bbox 211 3081 655 3158">
     <span class='ocr_line' id='line_1_29' title="bbox 211 3081 655 3158; baseline 0 -19"><span class='ocrx_word' id='word_1_229' title='bbox 211 3083 253 3139; x_wconf 87' lang='lat' dir='ltr'><strong>Et</strong></span> <span class='ocrx_word' id='word_1_230' title='bbox 266 3082 321 3139; x_wconf 84' lang='lat' dir='ltr'><strong>lux</strong></span> <span class='ocrx_word' id='word_1_231' title='bbox 334 3087 479 3158; x_wconf 90' lang='lat' dir='ltr'><strong>perpetua</strong></span> <span class='ocrx_word' id='word_1_232' title='bbox 492 3081 591 3139; x_wconf 87' lang='lat' dir='ltr'><strong>luceat</strong></span> <span class='ocrx_word' id='word_1_233' title='bbox 604 3081 655 3141; x_wconf 89' lang='lat' dir='ltr'><strong>eis.</strong></span> 
     </span>
    </p>

    <p class='ocr_par' dir='ltr' id='par_1_14' title="bbox 209 3176 1034 3264">
     <span class='ocr_line' id='line_1_30' title="bbox 209 3176 1034 3264; baseline 0.005 -30"><span class='ocrx_word' id='word_1_234' title='bbox 209 3177 308 3254; x_wconf 85' lang='lat' dir='ltr'><strong>Kyrie</strong></span> <span class='ocrx_word' id='word_1_235' title='bbox 321 3177 448 3254; x_wconf 87' lang='lat' dir='ltr'><strong>eleyson.</strong></span> <span class='ocrx_word' id='word_1_236' title='bbox 493 3177 613 3236; x_wconf 80' lang='lat' dir='ltr'><strong>Christe</strong></span> <span class='ocrx_word' id='word_1_237' title='bbox 627 3178 754 3264; x_wconf 78' lang='lat' dir='ltr'><strong>eleyson.</strong></span> <span class='ocrx_word' id='word_1_238' title='bbox 797 3178 894 3255; x_wconf 87' lang='lat' dir='ltr'><strong>Kyrie</strong></span> <span class='ocrx_word' id='word_1_239' title='bbox 907 3176 1034 3256; x_wconf 87' lang='lat' dir='ltr'><strong>eleyson.</strong></span> 
     </span>
    </p>

    <p class='ocr_par' dir='ltr' id='par_1_15' title="bbox 211 3274 426 3332">
     <span class='ocr_line' id='line_1_31' title="bbox 211 3274 426 3332; baseline 0 0"><span class='ocrx_word' id='word_1_240' title='bbox 211 3274 303 3332; x_wconf 88' lang='lat' dir='ltr'><strong>Pater</strong></span> <span class='ocrx_word' id='word_1_241' title='bbox 316 3280 426 3332; x_wconf 88' lang='lat' dir='ltr'><strong>noster.</strong></span> 
     </span>
    </p>

    <p class='ocr_par' dir='ltr' id='par_1_16' title="bbox 210 3371 500 3430">
     <span class='ocr_line' id='line_1_32' title="bbox 210 3371 500 3430; baseline 0.003 -1"><span class='ocrx_word' id='word_1_242' title='bbox 210 3371 344 3429; x_wconf 90' lang='lat' dir='ltr'><strong>Oremus.</strong></span> <span class='ocrx_word' id='word_1_243' title='bbox 389 3371 500 3430; x_wconf 82' lang='lat' dir='ltr'><strong>Oratio.</strong></span> 
     </span>
    </p>

    <p class='ocr_par' dir='ltr' id='par_1_17' title="bbox 144 3468 1361 4324">
     <span class='ocr_line' id='line_1_33' title="bbox 208 3468 1358 3546; baseline 0.004 -21"><span class='ocrx_word' id='word_1_244' title='bbox 208 3469 278 3525; x_wconf 89' lang='lat' dir='ltr'><strong>Diri</strong></span> <span class='ocrx_word' id='word_1_245' title='bbox 299 3468 432 3527; x_wconf 84' lang='lat' dir='ltr'><strong>vulneris</strong></span> <span class='ocrx_word' id='word_1_246' title='bbox 453 3469 589 3526; x_wconf 87' lang='lat' dir='ltr'><strong>novitate</strong></span> <span class='ocrx_word' id='word_1_247' title='bbox 614 3468 746 3545; x_wconf 86' lang='lat' dir='ltr'><strong>percussi</strong></span> <span class='ocrx_word' id='word_1_248' title='bbox 770 3474 801 3526; x_wconf 85' lang='lat' dir='ltr'><strong>et</strong></span> <span class='ocrx_word' id='word_1_249' title='bbox 829 3469 1045 3546; x_wconf 90' lang='lat' dir='ltr'><strong>quodammodo</strong></span> <span class='ocrx_word' id='word_1_250' title='bbox 1066 3468 1204 3528; x_wconf 85' lang='lat' dir='ltr'><strong>cordibus</strong></span> <span class='ocrx_word' id='word_1_251' title='bbox 1224 3469 1358 3542; x_wconf 84' lang='lat' dir='ltr'><strong>sauciati,</strong></span> 
     </span>
     <span class='ocr_line' id='line_1_34' title="bbox 146 3565 1359 3643; baseline 0.002 -21"><span class='ocrx_word' id='word_1_252' title='bbox 146 3565 378 3623; x_wconf 90' lang='lat' dir='ltr'><strong>misericordiam</strong></span> <span class='ocrx_word' id='word_1_253' title='bbox 398 3571 490 3637; x_wconf 89' lang='lat' dir='ltr'><strong>tuam,</strong></span> <span class='ocrx_word' id='word_1_254' title='bbox 512 3566 618 3622; x_wconf 90' lang='lat' dir='ltr'><strong>mundi</strong></span> <span class='ocrx_word' id='word_1_255' title='bbox 639 3565 831 3640; x_wconf 85' lang='lat' dir='ltr'><strong>Redemptor,</strong></span> <span class='ocrx_word' id='word_1_256' title='bbox 846 3565 994 3623; x_wconf 90' lang='lat' dir='ltr'><strong>flebilibus</strong></span> <span class='ocrx_word' id='word_1_257' title='bbox 1015 3566 1136 3624; x_wconf 85' lang='lat' dir='ltr'><strong>vocibus</strong></span> <span class='ocrx_word' id='word_1_258' title='bbox 1155 3565 1359 3643; x_wconf 87' lang='lat' dir='ltr'><strong>imploramus,</strong></span> 
     </span>
     <span class='ocr_line' id='line_1_35' title="bbox 146 3661 1360 3738; baseline 0.001 -18"><span class='ocrx_word' id='word_1_259' title='bbox 146 3669 183 3720; x_wconf 87' lang='lat' dir='ltr'><strong>ut</strong></span> <span class='ocrx_word' id='word_1_260' title='bbox 196 3663 257 3721; x_wconf 88' lang='lat' dir='ltr'><strong>cari</strong></span> <span class='ocrx_word' id='word_1_261' title='bbox 273 3663 369 3720; x_wconf 90' lang='lat' dir='ltr'><strong>nostri</strong></span> <span class='ocrx_word' id='word_1_262' title='bbox 389 3662 520 3719; x_wconf 91' lang='lat' dir='ltr'><strong>animam</strong></span> <span class='ocrx_word' id='word_1_263' title='bbox 540 3663 578 3719; x_wconf 90' lang='lat' dir='ltr'><strong>ad</strong></span> <span class='ocrx_word' id='word_1_264' title='bbox 598 3667 682 3719; x_wconf 89' lang='lat' dir='ltr'><strong>tuam</strong></span> <span class='ocrx_word' id='word_1_265' title='bbox 704 3661 899 3731; x_wconf 77' lang='lat' dir='ltr'><strong>clementiam,</strong></span> <span class='ocrx_word' id='word_1_266' title='bbox 915 3661 968 3736; x_wconf 92' lang='lat' dir='ltr'><strong>qui</strong></span> <span class='ocrx_word' id='word_1_267' title='bbox 981 3662 1047 3720; x_wconf 84' lang='lat' dir='ltr'><strong>fons</strong></span> <span class='ocrx_word' id='word_1_268' title='bbox 1067 3662 1250 3738; x_wconf 75' lang='lat' dir='ltr'><strong>pietatiscs,</strong></span> <span class='ocrx_word' id='word_1_269' title='bbox 1264 3683 1360 3722; x_wconf 89' lang='lat' dir='ltr'><strong>rever-</strong></span> 
     </span>
     <span class='ocr_line' id='line_1_36' title="bbox 146 3757 1360 3836; baseline 0.001 -18"><span class='ocrx_word' id='word_1_270' title='bbox 146 3766 269 3832; x_wconf 81' lang='lat' dir='ltr'><strong>tentem,</strong></span> <span class='ocrx_word' id='word_1_271' title='bbox 284 3759 392 3817; x_wconf 85' lang='lat' dir='ltr'><strong>blande</strong></span> <span class='ocrx_word' id='word_1_272' title='bbox 410 3759 576 3836; x_wconf 90' lang='lat' dir='ltr'><strong>leuiterque</strong></span> <span class='ocrx_word' id='word_1_273' title='bbox 590 3757 740 3834; x_wconf 88' lang='lat' dir='ltr'><strong>suscipias,</strong></span> <span class='ocrx_word' id='word_1_274' title='bbox 756 3763 786 3815; x_wconf 90' lang='lat' dir='ltr'><strong>et</strong></span> <span class='ocrx_word' id='word_1_275' title='bbox 800 3777 873 3835; x_wconf 87' lang='lat' dir='ltr'><strong>quas</strong></span> <span class='ocrx_word' id='word_1_276' title='bbox 886 3757 940 3815; x_wconf 88' lang='lat' dir='ltr'><strong>illa</strong></span> <span class='ocrx_word' id='word_1_277' title='bbox 952 3778 991 3816; x_wconf 86' lang='lat' dir='ltr'><strong>ex</strong></span> <span class='ocrx_word' id='word_1_278' title='bbox 1004 3759 1117 3816; x_wconf 89' lang='lat' dir='ltr'><strong>carnali</strong></span> <span class='ocrx_word' id='word_1_279' title='bbox 1130 3760 1360 3819; x_wconf 71' lang='lat' dir='ltr'><strong>commoratione</strong></span> 
     </span>
     <span class='ocr_line' id='line_1_37' title="bbox 145 3854 1361 3932; baseline -0.001 -16"><span class='ocrx_word' id='word_1_280' title='bbox 145 3857 295 3917; x_wconf 88' lang='lat' dir='ltr'><strong>contraxit</strong></span> <span class='ocrx_word' id='word_1_281' title='bbox 315 3856 453 3926; x_wconf 87' lang='lat' dir='ltr'><strong>maculas,</strong></span> <span class='ocrx_word' id='word_1_282' title='bbox 468 3861 503 3912; x_wconf 90' lang='lat' dir='ltr'><strong>tu</strong></span> <span class='ocrx_word' id='word_1_283' title='bbox 518 3855 600 3912; x_wconf 89' lang='lat' dir='ltr'><strong>Deus</strong></span> <span class='ocrx_word' id='word_1_284' title='bbox 620 3854 726 3911; x_wconf 85' lang='lat' dir='ltr'><strong>inolita</strong></span> <span class='ocrx_word' id='word_1_285' title='bbox 746 3854 881 3912; x_wconf 81' lang='lat' dir='ltr'><strong>bonitate</strong></span> <span class='ocrx_word' id='word_1_286' title='bbox 901 3854 1062 3912; x_wconf 86' lang='lat' dir='ltr'><strong>clementer</strong></span> <span class='ocrx_word' id='word_1_287' title='bbox 1081 3855 1187 3928; x_wconf 86' lang='lat' dir='ltr'><strong>deleas,</strong></span> <span class='ocrx_word' id='word_1_288' title='bbox 1202 3855 1251 3932; x_wconf 90' lang='lat' dir='ltr'><strong>pie</strong></span> <span class='ocrx_word' id='word_1_289' title='bbox 1264 3856 1361 3915; x_wconf 89' lang='lat' dir='ltr'><strong>indul-</strong></span> 
     </span>
     <span class='ocr_line' id='line_1_38' title="bbox 144 3952 1360 4033; baseline 0 -19"><span class='ocrx_word' id='word_1_290' title='bbox 144 3976 221 4033; x_wconf 88' lang='lat' dir='ltr'><strong>geas,</strong></span> <span class='ocrx_word' id='word_1_291' title='bbox 237 3956 381 4014; x_wconf 89' lang='lat' dir='ltr'><strong>oblivioni</strong></span> <span class='ocrx_word' id='word_1_292' title='bbox 395 3955 427 4012; x_wconf 90' lang='lat' dir='ltr'><strong>in</strong></span> <span class='ocrx_word' id='word_1_293' title='bbox 441 3959 619 4030; x_wconf 91' lang='lat' dir='ltr'><strong>perpetuum</strong></span> <span class='ocrx_word' id='word_1_294' title='bbox 640 3953 740 4010; x_wconf 89' lang='lat' dir='ltr'><strong>tradas</strong></span> <span class='ocrx_word' id='word_1_295' title='bbox 761 3959 851 4030; x_wconf 86' lang='lat' dir='ltr'><strong>atque</strong></span> <span class='ocrx_word' id='word_1_296' title='bbox 871 3952 948 4010; x_wconf 91' lang='lat' dir='ltr'><strong>hanc</strong></span> <span class='ocrx_word' id='word_1_297' title='bbox 967 3953 1086 4012; x_wconf 89' lang='lat' dir='ltr'><strong>laudem</strong></span> <span class='ocrx_word' id='word_1_298' title='bbox 1099 3954 1157 4011; x_wconf 89' lang='lat' dir='ltr'><strong>tibi</strong></span> <span class='ocrx_word' id='word_1_299' title='bbox 1170 3973 1240 4012; x_wconf 89' lang='lat' dir='ltr'><strong>cum</strong></span> <span class='ocrx_word' id='word_1_300' title='bbox 1254 3955 1360 4015; x_wconf 85' lang='lat' dir='ltr'><strong>ceteris</strong></span> 
     </span>
     <span class='ocr_line' id='line_1_39' title="bbox 145 4050 1359 4128; baseline 0.002 -19"><span class='ocrx_word' id='word_1_301' title='bbox 145 4054 330 4111; x_wconf 86' lang='lat' dir='ltr'><strong>reddituram</strong></span> <span class='ocrx_word' id='word_1_302' title='bbox 357 4059 388 4111; x_wconf 89' lang='lat' dir='ltr'><strong>et</strong></span> <span class='ocrx_word' id='word_1_303' title='bbox 415 4053 452 4110; x_wconf 90' lang='lat' dir='ltr'><strong>ad</strong></span> <span class='ocrx_word' id='word_1_304' title='bbox 480 4071 585 4128; x_wconf 90' lang='lat' dir='ltr'><strong>corpus</strong></span> <span class='ocrx_word' id='word_1_305' title='bbox 614 4050 789 4128; x_wconf 90' lang='lat' dir='ltr'><strong>quandoque</strong></span> <span class='ocrx_word' id='word_1_306' title='bbox 818 4069 1003 4108; x_wconf 86' lang='lat' dir='ltr'><strong>reversuram</strong></span> <span class='ocrx_word' id='word_1_307' title='bbox 1037 4057 1209 4110; x_wconf 88' lang='lat' dir='ltr'><strong>sanctorum</strong></span> <span class='ocrx_word' id='word_1_308' title='bbox 1236 4057 1359 4111; x_wconf 88' lang='lat' dir='ltr'><strong>tuorum</strong></span> 
     </span>
     <span class='ocr_line' id='line_1_40' title="bbox 145 4135 1359 4228; baseline 0.002 -22"><span class='ocrx_word' id='word_1_309' title='bbox 145 4153 269 4209; x_wconf 88' lang='lat' dir='ltr'><strong>coetibus</strong></span> <span class='ocrx_word' id='word_1_310' title='bbox 283 4151 434 4228; x_wconf 84' lang='lat' dir='ltr'><strong>aggregari</strong></span> <span class='ocrx_word' id='word_1_311' title='bbox 449 4150 619 4228; x_wconf 75' lang='lat' dir='ltr'><strong>praecipias,</strong></span> <span class='ocrx_word' id='word_1_312' title='bbox 641 4149 701 4219; x_wconf 80' lang='lat' dir='ltr'><strong>Qui</strong></span> <span class='ocrx_word' id='word_1_313' title='bbox 715 4167 783 4206; x_wconf 90' lang='lat' dir='ltr'><strong>cum</strong></span> <span class='ocrx_word' id='word_1_314' title='bbox 797 4135 862 4206; x_wconf 90' lang='lat' dir='ltr'><strong>Deo</strong></span> <span class='ocrx_word' id='word_1_315' title='bbox 877 4148 967 4208; x_wconf 89' lang='lat' dir='ltr'><strong>Patre</strong></span> <span class='ocrx_word' id='word_1_316' title='bbox 981 4154 1012 4207; x_wconf 88' lang='lat' dir='ltr'><strong>et</strong></span> <span class='ocrx_word' id='word_1_317' title='bbox 1025 4149 1142 4227; x_wconf 85' lang='lat' dir='ltr'><strong>Spiritu</strong></span> <span class='ocrx_word' id='word_1_318' title='bbox 1156 4149 1268 4209; x_wconf 85' lang='lat' dir='ltr'><strong>Sancto</strong></span> <span class='ocrx_word' id='word_1_319' title='bbox 1281 4150 1359 4210; x_wconf 83' lang='lat' dir='ltr'><strong>vivis</strong></span> 
     </span>
     <span class='ocr_line' id='line_1_41' title="bbox 145 4247 1041 4324; baseline 0.003 -21"><span class='ocrx_word' id='word_1_320' title='bbox 145 4252 177 4303; x_wconf 85' lang='lat' dir='ltr'><strong>ot</strong></span> <span class='ocrx_word' id='word_1_321' title='bbox 190 4267 295 4324; x_wconf 86' lang='lat' dir='ltr'><strong>regnas</strong></span> <span class='ocrx_word' id='word_1_322' title='bbox 309 4250 392 4306; x_wconf 86' lang='lat' dir='ltr'><strong>Deus</strong></span> <span class='ocrx_word' id='word_1_323' title='bbox 405 4267 459 4324; x_wconf 89' lang='lat' dir='ltr'><strong>per</strong></span> <span class='ocrx_word' id='word_1_324' title='bbox 472 4247 573 4305; x_wconf 90' lang='lat' dir='ltr'><strong>omnia</strong></span> <span class='ocrx_word' id='word_1_325' title='bbox 587 4247 694 4304; x_wconf 84' lang='lat' dir='ltr'><strong>saecula</strong></span> <span class='ocrx_word' id='word_1_326' title='bbox 707 4247 889 4305; x_wconf 87' lang='lat' dir='ltr'><strong>saeculorum.</strong></span> <span class='ocrx_word' id='word_1_327' title='bbox 933 4247 1041 4307; x_wconf 80' lang='lat' dir='ltr'><strong>Amen</strong></span> 
     </span>
    </p>

    <p class='ocr_par' dir='ltr' id='par_1_18' title="bbox 206 4345 806 4422">
     <span class='ocr_line' id='line_1_42' title="bbox 206 4345 806 4422; baseline 0.003 -20"><span class='ocrx_word' id='word_1_328' title='bbox 206 4345 267 4403; x_wconf 81' lang='lat' dir='ltr'><strong>Hic</strong></span> <span class='ocrx_word' id='word_1_329' title='bbox 279 4355 359 4422; x_wconf 73' lang='lat' dir='ltr'><strong>roqct</strong></span> <span class='ocrx_word' id='word_1_330' title='bbox 372 4347 591 4405; x_wconf 79' lang='lat' dir='ltr'><strong>circumstantes</strong></span> <span class='ocrx_word' id='word_1_331' title='bbox 603 4365 687 4404; x_wconf 77' lang='lat' dir='ltr'><strong>orare</strong></span> <span class='ocrx_word' id='word_1_332' title='bbox 695 4365 753 4422; x_wconf 78' lang='lat' dir='ltr'><strong>pro</strong></span> <span class='ocrx_word' id='word_1_333' title='bbox 768 4365 806 4404; x_wconf 81' lang='lat' dir='ltr'><strong>co.</strong></span> 
     </span>
    </p>
   </div>
   <div class='ocr_carea' id='block_1_3' title="bbox 0 0 1430 4800">
    <p class='ocr_par' dir='ltr' id='par_1_19' title="bbox 0 0 1430 4800">
     <span class='ocr_line' id='line_1_43' title="bbox 0 0 1430 4800; baseline 0 0"><span class='ocrx_word' id='word_1_334' title='bbox 0 0 1430 4800; x_wconf 95' lang='lat' dir='ltr'><strong> </strong></span> 
     </span>
    </p>
   </div>
  </div>
 </body>
</html>
