2850 4800
478 363 480 368 ’
516 379 634 446 scorto
657 364 829 445 decreram
1225 379 1269 444 51

52 584 110 645 per
123 565 366 624 intercessionem
376 564 470 623 beatae
484 563 590 622 Mariae
603 563 728 640 virginis
739 569 769 620 et
780 561 915 620 omnium
930 567 1108 636 sanctorum,
1120 561 1275 642 indulgeat

54 665 117 722 tibi
130 665 280 723 Dominus
294 664 435 741 quicquid
448 662 576 740 peccasti
590 682 642 740 per
655 663 774 720 illicitas
788 662 990 739 cogitationes.
1033 663 1141 722 Amen.

119 761 217 838 stae
229 761 410 834 umbilicum,
426 761 524 819 dicem
534 784 544 820 .·

120 855 182 916 Per
201 858 290 916 istem
304 864 437 916 sanctam
451 855 664 936 nncffltionem
678 862 708 914 et
722 875 806 914 suam
820 855 982 932 piissimam
997 855 1229 914 misericordiam
1242 861 1274 914 ot

56 975 112 1036 per
121 955 362 1014 intercessionem
372 956 466 1014 beatae
481 955 586 1013 Mariae
601 954 725 1033 virginis
738 962 769 1012 et
783 955 916 1012 omnium
930 961 1109 1028 sanctornm,
1121 955 1275 1033 indulgeat

56 1053 118 1114 tibi
131 1054 280 1112 Dominus
293 1052 435 1130 quicquid
448 1052 576 1130 peccasti
589 1072 643 1129 per
655 1052 791 1111 ardorem
805 1051 945 1109 libidinis.
988 1051 1098 1111 Amen.

121 1150 280 1227 conpacto
294 1150 450 1209 auctionis.
630 1138 632 1143 ⁵

118 1247 160 1306 In
180 1248 300 1307 nomine
321 1248 420 1306 Patris
439 1253 470 1306 et
491 1246 561 1304 Filii
582 1251 613 1304 et
634 1245 762 1322 Spiritus
784 1245 887 1304 Sancti
907 1245 947 1304 sit
968 1245 1024 1303 tibi
1041 1245 1104 1304 haec
1117 1246 1219 1305 unctio
1232 1242 1271 1306 ad

55 1344 298 1423 purificationem
311 1344 420 1402 mentis
434 1350 465 1403 et
486 1343 616 1420 corporis
630 1349 660 1401 et
680 1343 719 1400 ad
736 1343 890 1401 munimen
911 1348 942 1401 et
956 1342 1153 1401 defensionem
1168 1349 1272 1402 contra

52 1443 156 1522 jacula
169 1441 393 1500 immundorum
406 1441 574 1518 spirituum.
618 1441 727 1498 Amen.

41 1549 45 1554 ’
117 1539 262 1599 Sacerdos
278 1539 353 1598 lacet
373 1558 481 1597 mcum
502 1558 572 1597 raas
586 1539 725 1597 caereale
739 1546 765 1596 et
784 1558 864 1613 aqua
884 1537 919 1595 irc
939 1557 1005 1596 sace
1018 1557 1076 1613 qao
1089 1546 1202 1614 stuppa
1216 1537 1272 1598 olei

52 1647 213 1717 ponamus·
234 1657 300 1713 qua
320 1637 387 1714 ique
408 1645 582 1696 cremamur.
630 1636 736 1695 Postea
756 1636 836 1694 dicat
853 1635 994 1696 Sacerdos
1013 1635 1088 1694 tanc
1110 1636 1270 1696 orationem

56 1755 125 1795 cum
139 1734 277 1793 Oramus.
756 1753 757 1758 ¹

117 1828 250 1890 Domine
268 1831 360 1902 Deus,
377 1829 515 1888 Salvator
532 1835 642 1902 noster,
659 1829 712 1905 qui
730 1848 760 1887 es
775 1824 846 1886 vera
866 1829 946 1887 salus
960 1834 992 1887 et
1004 1830 1160 1903 medicina,
1176 1850 1195 1888 a
1209 1849 1268 1907 quc

55 1948 144 1989 omne
159 1927 409 1986 medicamentum
423 1927 515 1997 venit,
525 1926 639 2009 vquique
659 1925 681 1982 J
683 1925 766 1982 scobi
780 1926 906 2001 apostoli
919 1926 966 1983 tui
979 1945 1050 1984 voce
1070 1945 1124 1985 nos
1143 1926 1270 1985 instruis

57 2031 92 2084 nt
101 2025 260 2103 languidos
270 2023 329 2081 olei
338 2024 452 2100 liquore
463 2022 689 2099 tangentes'tuse
700 2021 882 2098 postulemus
894 2022 1123 2080 misericordiam
1135 2023 1255 2099 pietatis
1260 2042 1270 2098 ,·

56 2124 170 2202 respice
183 2122 331 2200 propitius
345 2141 433 2198 super
452 2121 532 2178 hunc
545 2119 691 2178 famulum
705 2126 792 2177 tuum
808 2120 857 2191 N.‚
873 2125 904 2177 et
918 2139 1005 2195 quem
1019 2120 1144 2196 languor
1158 2123 1271 2180 cruciat

57 2221 94 2280 ed
108 2221 228 2279 exitum
242 2225 272 2277 et
283 2219 393 2276 virium
407 2217 538 2276 defectus
552 2218 645 2275 trahit
659 2217 698 2275 ad
711 2236 854 2287 occasum,
868 2215 982 2273 medela
995 2221 1055 2273 tuse
1069 2217 1173 2292 gratiae
1186 2218 1270 2276 resti·

56 2322 125 2376 tuas
139 2317 178 2375 ad
193 2317 327 2374 salutem.
370 2315 449 2373 Sana
468 2334 594 2393 quoque,
610 2333 787 2390 quaesumus,
803 2312 941 2383 Domine,
956 2313 1090 2369 omnium
1108 2314 1270 2372 medicator

56 2414 197 2486 febrium,
220 2419 395 2470 cunctorum
416 2411 593 2488 languorum
607 2412 764 2482 cruciatus,
785 2408 1058 2486 aegritudinumque
1080 2415 1111 2467 et
1132 2410 1269 2468 dolorum

56 2511 194 2570 omniurn
228 2508 355 2567 dissolve
387 2514 544 2580 tormenta,
576 2508 722 2565 viscerum
756 2527 789 2564 ac
823 2506 958 2564 cordium
992 2506 1110 2564 interna
1145 2506 1266 2578 medica,

55 2608 262 2666 Medullorum
283 2626 400 2682 quoque
421 2613 452 2663 et
473 2606 684 2681 cogitationum
704 2625 775 2661 sana
789 2605 959 2660 discrimina
969 2624 977 2676 3
998 2604 1128 2660 ulcerum
1144 2605 1270 2661 varieta-

55 2711 183 2779 tumque
210 2705 381 2780 putredines
408 2723 517 2760 evacua
529 2722 536 2773 ;
571 2701 816 2759 conscientiarum
839 2708 929 2776 atque
951 2702 1105 2777 plagarum
1130 2702 1268 2760 obducito

54 2802 209 2860 cicatrices
232 2807 354 2870 veteres,
370 2801 586 2874 immensasque
609 2819 726 2855 remove
749 2799 915 2874 passiones:
944 2801 1040 2856 carnis
1061 2819 1094 2856 ac
1116 2799 1268 2874 sanguinis

54 2899 213 2956 materiam
241 2897 376 2966 reforma,
398 2896 631 2970 delictorumque
660 2902 832 2951 cunctorum
857 2896 974 2951 veniam
1002 2897 1107 2954 tribue.
1160 2897 1268 2971 Sicque

54 2996 144 3051 illum
166 2995 262 3070 pietas
282 2999 336 3049 tua
354 2993 468 3068 jugiter
492 2992 649 3062 custodiat,
669 2998 704 3048 ut
728 3011 781 3047 noc
806 2991 843 3046 ad
868 2992 1085 3066 corruptionem
1108 2992 1268 3068 aliquando

55 3096 177 3165 sanitas,
194 3112 248 3149 nec
262 3092 300 3148 ad
314 3091 519 3167 perditionem,
531 3110 611 3147 nunc
622 3096 652 3146 te
663 3090 837 3160 auxiliante,
849 3090 991 3164 perducat
1000 3091 1166 3148 infirmitas.
1211 3091 1269 3149 Sed

55 3195 110 3251 fiat
124 3193 169 3249 illi
184 3192 246 3247 haec
261 3190 318 3246 olei
332 3190 438 3247 sacrati
452 3190 607 3265 perunctio
626 3189 728 3245 mortis
751 3195 781 3244 et
804 3188 900 3244 morbi
922 3195 1011 3264 atque
1032 3189 1182 3265 languoris
1196 3209 1268 3265 pree-

55 3291 149 3348 sentis
164 3288 299 3364 expulsio
314 3293 344 3343 et
358 3293 544 3362 peccatorum
559 3286 691 3341 omnium
706 3291 846 3359 exoptata
862 3285 1002 3342 remissio.
1047 3287 1187 3355 Quicum
1202 3287 1268 3344 Deo

55 3387 148 3443 Patre
162 3385 241 3441 vivis
257 3390 287 3441 et
301 3403 405 3459 regnas
420 3383 502 3440 Deus
516 3402 568 3458 per
582 3382 681 3439 omnia
695 3382 801 3438 saeeula
814 3382 995 3439 sacculorum.
1038 3383 1145 3441 Amen.

118 3484 211 3542 Facta
229 3483 363 3539 auctione
385 3482 519 3552 totaliter,
535 3482 686 3555 expediens
703 3489 742 3537 est
756 3489 790 3540 at
804 3480 944 3553 Sacerdos
957 3489 1024 3539 crete
1039 3483 1268 3541 communionem

56 3582 193 3657 inquirat
208 3581 243 3637 ab
258 3580 377 3653 e'refirmo
391 3600 432 3635 aa
446 3579 549 3652 allpaa
571 3579 632 3634 clla
649 3587 769 3653 pecccata
785 3579 841 3635 att
860 3580 900 3635 ad
918 3580 1088 3636 siccatorium
1102 3590 1266 3653 occurrant,

56 3682 91 3738 de
113 3680 219 3754 quibas
239 3699 301 3735 aare
325 3687 387 3735 erat
412 3677 566 3752 ccrefcssm.
610 3676 693 3734 Nara
711 3686 807 3751 posset
832 3698 887 3735 esec
909 3679 987 3752 qaod
1007 3687 1061 3735 aut
1076 3700 1131 3754 per
1152 3681 1268 3737 devotas

56 3778 203 3835 crationes
216 3776 382 3834 Sacerdotis
400 3776 457 3833 sice
476 3775 604 3831 aliorum
619 3775 700 3831 Deus
719 3795 766 3831 cor
783 3775 817 3830 ia
829 3776 898 3832 armi
916 3775 1084 3847 illustraret,
1101 3785 1126 3834 et
1143 3779 1226 3833 daret
1240 3777 1267 3835 ei

53 3874 187 3949 pralium
211 3874 309 3928 cerias
333 3880 358 3928 et
377 3871 497 3946 prlcaius
516 3870 652 3944 corcfltcri.
696 3870 736 3925 Εἰ
752 3879 853 3944 postea
873 3871 1028 3945 iatcrrcpet
1042 3890 1106 3928 eum
1126 3872 1266 3929 Sacerdos

54 3972 82 4028 si
106 3977 289 4043 recopaoscat
314 3966 426 4042 Corpus
450 3977 475 4024 et
502 3966 685 4041 Sacpae'aeru
709 3967 834 4023 Domini
862 3968 956 4023 nostri
979 3968 1052 4024 Jesa
1077 3967 1198 4038 Christi,
1225 3968 1265 4025 sic

56 4069 200 4127 dicendo:

115 4168 232 4235 Frater,
249 4162 344 4220 credis
365 4162 444 4238 quod
464 4168 680 4219 sacramentum
701 4161 780 4235 quod
794 4166 942 4217 tractatur
955 4161 987 4216 in
1002 4161 1090 4216 altari
1104 4162 1158 4218 sub
1172 4161 1266 4219 forma

53 4265 140 4342 panis
155 4270 201 4320 est
212 4280 317 4317 verum
333 4259 490 4335 Corpuset
505 4259 629 4334 Sanguis
643 4257 768 4314 Domini
782 4257 878 4314 nostri
891 4257 966 4314 Jesu
981 4256 1099 4315 Christi.
1142 4258 1268 4333 Bosporo

54 4366 120 4422 deut
134 4363 278 4436 infirmus
292 4356 390 4413 diceas
400 4380 409 4414 :
431 4356 534 4413 Credo.

114 4457 235 4519 Deirale
260 4453 487 4513 communicetur
510 4453 655 4527 infirmas,
677 4451 738 4516 reici
756 4451 846 4528 prius
870 4451 1098 4511 comceaaicatus
1117 4451 1221 4528 faerit,
1242 4461 1269 4515 et
