2872 4816
177 266 260 335 210·
552 263 801 348 Pereyioorum
815 263 1008 333 Servitium.

239 429 569 490 Addondumcrucem

67 538 72 547 ·
184 550 189 557 -
239 509 360 588 Suscipe
369 511 478 588 jugum
492 509 614 583 Christi,
625 510 705 587 quod
715 515 760 568 est
774 510 909 569 fidelibus
922 510 984 568 suis
997 510 1062 569 leve
1076 529 1160 582 onus,
1173 510 1259 587 signo
1272 515 1383 568 sanetae
1430 472 1434 529 Ῑ

179 592 643 730 assemsum
659 590 1386 730 tetenstetenmruu

179 769 246 809 mus
260 757 371 828 portus,
385 757 545 828 praestante
559 690 690 809 Domino
704 715 806 811 nostri>
819 751 895 810 Jesu
909 737 1039 808 Christo.⁴
1253 689 1307 747 gra
1369 734 1372 739 ’

243 833 352 892 Oratio.
396 832 594 909 Omnipotens
608 831 699 905 Deus,
715 834 774 906 ria,
789 832 910 906 veritus,
925 840 950 890 et
964 841 1054 890 cetera
1068 839 1219 907 utsupra,
1236 849 1264 907 p.
1282 829 1349 888 104.

585 1104 904 1114 -·-—--—————.-—
907 1104 971 1111 ......

757 1268 815 1336 VL

222 1451 342 1510 FROM
381 1453 469 1511 THE
507 1452 745 1512 OOVENTRY
760 1522 763 1527 Δ
780 1452 1050 1525 ΡΟΝΤΙΕΙΟΑΒ,
1086 1453 1349 1517 OAMBRIDGE

411 1555 685 1616 UNIVERSITY
706 1556 913 1616 LIBRARY.
957 1558 1032 1618 Seno.
1055 1556 1151 1616 XIII.

512 1720 566 1779 An
587 1722 827 1780 Bnunmosunos
848 1720 1056 1780 Psssomsos.

242 1868 361 1927 Exaudi
374 1887 437 1941 nos,
447 1867 633 1945 omnipotens
643 1872 674 1926 et
681 1867 846 1925 misericors
861 1866 951 1939 Deus,
963 1873 995 1925 et
1007 1867 1067 1925 iter
1075 1865 1256 1924 famulorum
1267 1871 1390 1924 tuorum

181 1949 329 2026 propitius
342 1949 492 2022 comitare,
508 1955 598 2025 atque
614 1947 691 2006 sicut
712 1947 822 2024 ubique
835 1966 875 2019 es,
891 1948 935 2004 ito
947 1948 1058 2024 ubique
1079 1947 1178 2005 adesse
1192 1947 1340 2024 dignarc3
1356 1952 1392 2003 ut

181 2031 286 2106 spatiis
306 2029 464 2087 necessarii
486 2027 603 2086 itineris
623 2046 763 2105 prospero
784 2047 886 2106 gressu
906 2029 1041 2104 peractis,
1063 2028 1218 2086 universos
1237 2028 1391 2105 reperiant

181 2111 315 2188 sospites,
329 2128 364 2167 ac
377 2109 492 2166 debitas
505 2115 559 2167 tuo
571 2108 687 2166 nomini
699 2107 855 2166 exsolvant
868 2113 973 2185 gretes.
1016 2107 1083 2165 Per.

242 2191 302 2247 Hic
316 2197 488 2264 asperqatur
501 2208 581 2264 aqum
592 2188 738 2247 taedeo
751 2208 838 2264 super
851 2207 904 2261 cos,
920 2197 946 2246 et
954 2197 1055 2264 posteo
1066 2213 1076 2248 .-

243 2270 341 2345 Kyrie
354 2270 479 2344 eleyson.
522 2268 615 2327 Peter
626 2273 734 2327 noster.
778 2268 821 2327 Et
833 2287 879 2326 ne.

243 2351 307 2426 Ego
320 2348 392 2422 dixi,
408 2349 544 2407 Domine.

242 2430 331 2488 Beati
343 2429 534 2488 immaculati.

244 2510 319 2567 Vias
332 2515 407 2567 tuas.

244 2591 372 2649 Utinam
387 2590 556 2665 dirigantur
569 2590 625 2647 vire
639 2595 756 2649 nostrae.

245 2671 390 2747 Exsurge,
407 2671 544 2729 Domine.

246 2752 383 2822 Domine,
399 2751 515 2809 exaudi.
560 2751 707 2807 Dominus
721 2749 881 2806 vobiscum.

245 2832 383 2907 Sequitur
393 2831 502 2889 Oratio.
546 2832 628 2888 Deus
636 2831 760 2886 infinitzo
769 2828 983 2899 misericordia,
994 2837 1020 2885 ct
1029 2836 1118 2885 cetera
1130 2836 1163 2883 ul
1171 2847 1273 2903 supra,
1282 2846 1311 2904 p.
1325 2828 1390 2886 105.

245 2913 409 2969 Berredietc'o
421 2933 497 2985 perce
511 2920 537 2969 et
552 2911 698 2969 burdonis.

247 2993 356 3050 Oratio.
401 2992 482 3049 Deus
496 2992 616 3048 invicta
630 2990 782 3066 potentiue,
796 2996 821 3047 ct
836 2999 925 3048 cetero
939 2997 972 3046 ut
986 3009 1086 3064 supro,
1103 3008 1129 3065 p,
1148 2987 1212 3047 ⁶27⁴.
1271 3003 1278 3015 ’

247 3073 357 3127 Duudo
367 3092 469 3146 perteue
484 3071 563 3128 dicut
573 3095 583 3129 .·
1138 3120 1141 3125 ,

247 3153 358 3226 Accipe
376 3152 451 3207 hanc
469 3171 577 3226 peram,
594 3150 730 3207 habitum
748 3149 992 3227 peregrinationis
1010 3155 1078 3220 tum,
1098 3149 1135 3204 In
1153 3147 1273 3206 nomine
1292 3147 1394 3207 Patris

186 3237 218 3289 ct
232 3232 303 3288 Filii
317 3238 347 3287 et
362 3231 491 3306 Spiritus
505 3231 614 3289 Sancti.

248 3311 358 3368 Daudo
372 3310 529 3367 burdonem
542 3311 681 3369 dicotur:

247 3391 359 3466 Accipe
372 3390 450 3446 hunc
470 3391 643 3459 burdonem,
660 3389 906 3448 sustentationem
919 3389 1036 3446 itineris
1056 3387 1301 3465 peregrinationis
1322 3393 1394 3458 tuse,

188 3471 228 3529 In
240 3470 361 3528 nomine
375 3470 484 3538 Patris,
498 3478 524 3530 et
537 3479 636 3529 cetero.

190 3659 380 3719 anmcrlo
401 3675 521 3715 SANCTAE
541 3675 649 3716 CRI'CIS
673 3674 772 3715 l'l'UltlS
794 3674 826 3714 lli
847 3673 985 3715 sundran
1006 3672 1131 3713 Tenum
1153 3672 1212 3712 VEL
1235 3670 1338 3713 leuius
1362 3671 1396 3712 IN

364 3755 461 3796 nmen
481 3754 606 3795 TERRAM
627 3754 668 3795 AD
690 3754 921 3796 EXPUGNANDUM
943 3754 1078 3795 txlssscos
1099 3752 1213 3794 cltUcls.

251 3878 402 3950 Rogamus
415 3877 601 3948 te,Don1ine‚
614 3881 714 3932 sancto
728 3875 827 3946 Pater,
842 3874 1028 3951 omnipotens
1042 3880 1151 3931 aeterne
1162 3873 1253 3944 Deus,
1263 3873 1396 3930 utbene

191 3955 286 4013 dicero
295 3956 423 4032 digneris
432 3957 485 4013 hoo
496 3957 613 4033 signum
624 3962 682 4012 ture
697 3955 799 4024 crucis,
811 3961 847 4011 ut
860 3956 900 4012 sit
912 3955 982 4011 huic
990 3954 1101 4011 famulo
1112 3961 1164 4010 tuo
1178 3953 1217 4010 N.
1231 3953 1397 4010 remedium

192 4036 347 4112 singulare,
362 4036 495 4093 soliditas
509 4037 586 4105 fidei,
599 4037 740 4111 perfectio
753 4054 883 4110 operum,
899 4034 1062 4110 redemptio
1077 4034 1191 4105 animm,
1202 4033 1348 4110 protectio
1362 4051 1397 4090 ec

193 4116 288 4174 tutela
302 4122 405 4172 contra
419 4135 496 4172 saeva
510 4116 643 4173 omnium
657 4116 843 4172 inimicorum
853 4115 959 4191 jacula
1004 4115 1069 4173 Per.

254 4196 363 4253 Dundo
377 4216 488 4254 crucem
502 4197 600 4254 dicut:

255 4276 294 4332 In
308 4277 426 4333 nomine
441 4276 564 4333 Domini
581 4276 603 4334 J
604 4295 655 4333 esu
670 4275 791 4344 Christi,
807 4276 858 4352 qui
872 4295 975 4351 passus
995 4281 1040 4333 est
1054 4276 1086 4332 in
1100 4294 1185 4333 cruce
1199 4292 1252 4351 pro
1266 4272 1400 4350 redemp-

192 4355 275 4413 tione
289 4364 399 4427 nostra,
411 4356 442 4411 in
457 4357 657 4414 remissionem
671 4365 866 4432 peccatorum,
882 4356 1046 4415 Praestaute
1059 4356 1168 4414 eodem.
