2850 4800
24 285 83 347 50*
378 276 724 345 Manualeadusum
736 278 873 345 Sanum.

81 444 196 505 Deinde
209 464 295 522 seeper
308 463 425 513 manus,
440 442 485 501 ita
497 442 596 501 dicem
607 468 618 503 :

83 525 143 584 Per
155 526 242 582 istam
258 525 429 582 unctionem
439 528 470 580 et
483 542 568 580 suam
580 524 743 599 piissimam
752 524 996 599 miscricordiam,
1007 526 1162 607 indulgeat
1170 526 1214 587 tili

23 606 170 663 Dominus
183 604 325 681 quicquid
338 602 466 680 peccasti
478 622 532 678 per
545 609 667 662 tactum.

84 686 168 761 Resp.
210 685 321 743 Amen.

82 764 230 839 Sequatur
243 764 389 822 Pscimus.
432 761 558 837 Inclina,
575 763 704 822 Domine
717 763 850 841 (lanua)

85 845 187 902 Gloria
201 844 292 902 Patri.

84 924 197 983 Deinde
210 943 296 1000 seeper
306 924 400 1000 pedes,
415 922 461 980 ita
474 923 591 984 diceres:

84 1005 143 1063 Per
155 1006 243 1062 istam
255 1005 424 1062 unctionem
438 1009 469 1061 ct
481 1024 566 1063 suam
575 1004 739 1081 piissimam
751 1004 995 1079 misericordiam,
1006 1006 1161 1087 indulgeat
1171 1006 1212 1065 titi

25 1086 171 1143 Dominus
184 1085 325 1161 quicquid
338 1084 467 1160 peccasti
479 1104 533 1161 per
545 1086 691 1143 insessum
703 1085 819 1163 padum.

85 1166 141 1223 Res
165 1210 171 1222 .
211 1166 320 1222 Amen.

84 1187 230 1320 Seqiiotur
243 1243 389 1302 Psalmus.
433 1242 562 1302 Domine
577 1246 659 1302 Deus
672 1244 775 1303 salutis
788 1263 861 1303 mese
874 1244 1040 1326 (mant)

86 1326 189 1383 Gloria
202 1325 294 1382 Patri

84 1405 198 1463 Deinde
211 1406 245 1462 in
258 1406 343 1462 dorso
356 1404 433 1462 inter
449 1403 559 1463 landos
571 1406 673 1479 moris,
687 1405 732 1463 uei
749 1426 836 1483 super
855 1406 1034 1467 umbilicum
1045 1406 1204 1467 maliciei&

25 1485 137 1544 dicens:

85 1566 144 1622 Per
157 1566 246 1622 istam
256 1565 427 1622 unctionem
441 1572 473 1623 ct
486 1585 570 1623 suam
584 1563 747 1642 piissimam
755 1565 999 1641 misericordiam,
1010 1568 1159 1645 indulgeat
1167 1562 1203 1625 ui

23 1646 171 1782 Dpppiom
195 1645 336 1720 quicquid
364 1647 490 1721 peccasti
517 1665 570 1722 per
593 1645 715 1703 illicitas
737 1646 931 1722 cogitationes
957 1652 992 1705 et
1019 1668 1074 1725 per
1098 1648 1201 1707 adom

23 1727 46 1783 li
66 1726 78 1781 i
99 1725 163 1782 inis.

85 1804 168 1880 Resp.
211 1805 320 1862 Amen.

85 1886 169 1943 Tunc
182 1885 293 1959 enipeus
306 1905 334 1943 se
347 1884 487 1945 Sacerdos
508 1885 581 1943 meet
601 1902 710 1943 manus
729 1904 800 1943 suas
819 1904 885 1943 cuni
898 1886 958 1944 sele
971 1896 1002 1945 et
1014 1908 1106 1964 aqua,
1119 1888 1152 1947 ia
1161 1902 1201 1945 aas

24 1986 81 2042 quo
94 1974 206 2041 stroppos
220 1965 457 2040 oleiponuntnr:
478 1986 543 2040 quse
555 1966 623 2040 ipae
633 1974 802 2038 crevecoeur,
813 1974 840 2024 et
849 1966 885 2023 in
894 1968 1200 2045 maiesataam

23 2049 127 2106 Postea
140 2046 220 2103 dicat
233 2044 372 2103 Sacerdos
385 2065 472 2121 super
484 2046 640 2120 infirmum
654 2044 874 2104 benedictionem
886 2045 940 2104 deoc
951 2048 1062 2109 nudo:

85 2127 125 2182 In
137 2126 257 2182 nomine
268 2125 374 2198 Patris,
388 2132 418 2183 et
432 2126 513 2199 Filii,
525 2132 555 2183 ct
569 2126 699 2200 Spiritus
713 2126 816 2183 Sancti
828 2146 835 2183 :
855 2125 896 2183 sit
909 2127 966 2184 tibi
980 2127 1047 2186 hoec
1059 2128 1119 2187 olai
1130 2124 1203 2187 unal't

25 2207 63 2263 ad
87 2207 322 2282 purificationem
345 2207 454 2263 mentia
475 2211 506 2263 et
527 2205 665 2281 corporis,
687 2211 718 2263 et
741 2206 779 2262 ad
803 2206 956 2265 munim0n
975 2214 1010 2265 at
1033 2208 1204 2269 adamas·

25 2293 128 2344 contra
143 2286 244 2361 jacula
257 2285 480 2343 immundorum
494 2285 661 2361 spirituum

88 2366 171 2442 Resp.
213 2366 321 2423 Amen.

83 2446 232 2521 Sequatur
245 2445 392 2504 Psaineus.
435 2444 565 2503 Domine
579 2445 705 2503 clamavi
718 2446 756 2503 ad
769 2451 801 2503 to
814 2443 833 2523 (
867 2445 906 2523 i.)

88 2527 191 2584 Gloria
205 2526 298 2583 Patri.

85 2606 198 2664 Deinde
212 2606 292 2663 diem
305 2604 464 2664 Sacerdos:
485 2604 633 2663 Dominus
647 2606 801 2663 vobiscum
813 2613 840 2663 et
853 2605 987 2664 Oramus.
1033 2606 1146 2669 Oreum.

88 2685 217 2743 Domine
231 2686 321 2758 Deus,
338 2685 475 2743 Salvator
494 2690 603 2755 noster,
617 2685 671 2761 qui
683 2704 714 2743 es
727 2704 798 2743 vcra
811 2686 898 2758 salus,
912 2694 940 2744 et
960 2696 1056 2746 cetero
1076 2698 1115 2749 ut
1132 2702 1206 2765 sum

26 2786 55 2844 p·
71 2764 202 2904 δὲ’κὛσσσσσσ
221 2844 356 2902 unctione
373 2852 407 2902 ut
425 2844 604 2920 pradictum
625 2853 675 2916 est,
691 2846 849 2921 {expetieris
868 2844 923 2904 erit
943 2854 979 2903 ut
1000 2846 1145 2909 Sacerdos
1163 2850 1208 2905 ost

26 2926 256 2985 eonemunionem
268 2924 404 2998 inquirat
417 2925 453 2982 ab
467 2925 586 2999 infirmo
608 2944 650 2982 an
663 2924 767 3000 aliqua
786 2925 850 2983 alia
863 2934 985 3002 peccato
997 2928 1057 2987 siai
1077 2932 1121 2989 ad
1131 2942 1208 2989 mm

27 3007 108 3064 riam
121 3012 282 3075 occurrant,
297 3005 332 3063 de
349 3003 446 3078 quibis
462 3024 523 3063 non
541 3012 606 3062 nat
622 3004 768 3086 consessus
778 3029 788 3065 :
808 3024 880 3063 naen
898 3015 995 3081 posset
1012 3028 1072 3068 esse
1089 3008 1208 3087 quodne

23 3104 122 3161 preces
144 3093 171 3142 et
193 3086 308 3142 denotas
332 3085 478 3142 orationes
500 3083 666 3142 Sacerdotis
692 3085 751 3143 siue
772 3084 909 3157 aiiomrm,
933 3085 1017 3145 Deus
1043 3108 1096 3149 coe·
1121 3080 1210 3166 infimi

28 3164 197 3235 illustraret,
219 3172 245 3222 et
265 3163 348 3221 daret
372 3164 398 3220 ei
419 3163 548 3238 oratiam
568 3164 667 3222 uerius
689 3173 716 3223 et
734 3164 852 3240 panius
872 3168 1037 3239 confitendi
1082 3170 1210 3247 Etpoetss

28 3245 181 3316 interroqet
194 3262 260 3300 eum
273 3242 412 3301 Sacerdos
425 3244 452 3300 si
464 3252 645 3318 recoqnoscat
657 3263 761 3322 capus
774 3253 801 3302 et
813 3244 987 3320 sanquinem
999 3246 1131 3309 Domini
1141 3242 1210 3309 nodi

30 3322 57 3379 J
54 3343 104 3382 esu
118 3321 237 3393 Orniaci,
253 3322 294 3380 sic
307 3322 448 3380 dicendo:

91 3402 205 3472 Frater,
219 3402 312 3459 credis
332 3402 412 3478 quod
425 3407 640 3459 sacramentum
653 3404 733 3479 quod
752 3408 899 3462 tractatur
911 3404 945 3461 in
964 3405 1058 3466 altari
1071 3410 1129 3469 sub
1140 3408 1211 3469 fam
1235 3394 1241 3451 l

30 3483 126 3559 panis,
140 3489 185 3539 est
198 3501 302 3539 verum
315 3501 421 3557 corpus
435 3487 466 3538 et
478 3483 597 3557 sanguis
611 3482 735 3540 Domini
746 3484 842 3541 nostri
853 3484 876 3541 J
877 3503 929 3542 asu
939 3484 1078 3547 (thuait
1107 3530 1117 3549 1

92 3562 273 3638 Respondeat
285 3562 429 3636 infirmus.
473 3560 579 3619 Credo.

90 3642 202 3700 Deinde
212 3642 437 3700 communicetur
446 3640 585 3714 infirmus
594 3641 656 3699 nisi
659 3643 749 3716 prius
759 3643 992 3703 communicatus
995 3645 1120 3721 W:
1138 3640 1210 3709 desii

29 3723 64 3781 de
77 3722 188 3781 uomitu
201 3721 246 3780 ael
261 3720 324 3778 alia
340 3721 528 3778 irreverentia
544 3720 736 3796 probabiliter
754 3724 915 3781 tinuatur:
936 3724 972 3782 in
986 3744 1046 3801 quo
1064 3748 1137 3789 aneu
1153 3724 1210 3787 did
1235 3712 1241 3770 l

29 3803 168 3861 Sacerdos
181 3802 299 3875 infirmo
310 3824 320 3858 :

89 3882 203 3953 Frater,
218 3882 251 3936 in
264 3880 318 3936 hoc
332 3898 401 3936 casu
415 3879 524 3936 sufficit
538 3879 595 3936 tibi
608 3899 679 3938 vera
697 3880 779 3953 fides,
792 3888 824 3939 et
841 3882 919 3941 bona
931 3884 1095 3947 voluntas:
1115 3890 1210 3947 anns
1235 3872 1241 3927 Ι

28 3962 121 4033 crede,
138 3967 168 4018 et
181 3957 394 4017 manducasti*

87 4042 151 4102 †Et
163 4050 233 4098 nota
247 4041 325 4114 quod
338 4038 477 4097 Sacerdos
490 4039 525 4096 in
537 4038 666 4114 infirmis
679 4042 929 4100 communicmedis
942 4044 1020 4103 stola
1032 4046 1175 4108 induetur.
1236 4044 1241 4083 ¹

1235 4134 1241 4161 i

89 4207 106 4237 l
128 4207 193 4264 Om.
211 4206 276 4262 MS.

34 4293 105 4426 ,ὥσ
118 4287 190 4424 ιΜΒ.
226 4286 267 4342 Et
299 4295 371 4344 nota
405 4287 485 4361 quod
517 4285 657 4346 Sacerdos
690 4289 827 4364 ieninnns
862 4294 1127 4357 communicandus
1153 4286 1206 4355 defi
1233 4284 1241 4323 ²

27 4387 60 4427 m
81 4387 116 4425 ue
129 4385 173 4423 ur.
1232 4372 1241 4387 “
