2850 4800
124 356 167 420 as
450 344 1002 433 consenescamus.

123 539 243 592 maneat
252 532 306 590 uni
315 531 402 589 thoro
410 533 518 608 juncta
527 549 537 602 ;
558 533 712 587 contaetus
724 527 845 585 illicitos
859 528 972 605 fugiat3
992 527 1112 585 muniat
1123 527 1331 590 infirmitatem

122 649 206 688 ruam
230 630 335 687 robore
362 627 533 704 discipline.
586 627 635 684 Sit
657 625 837 684 verecundia
863 625 971 702 grevia
1000 625 1113 701 pudore
1139 626 1330 700 venerabilis,

122 725 286 783 caelestibus
314 723 456 782 doctrinis
482 722 600 781 erudita
609 742 618 795 3
648 723 689 780 sit
715 722 850 780 faecunda
876 723 910 779 in
937 722 1036 779 sobole
1045 741 1055 794 ;
1084 721 1126 778 sit
1149 723 1275 798 probate
1299 728 1333 782 et

121 820 262 879 innocens
271 841 280 894 ;
300 828 332 879 et
348 821 387 878 ad
403 822 558 878 beatorum
578 820 712 896 requiem
733 825 823 895 atque
845 819 883 876 nd
905 817 1034 875 coelestia
1053 837 1144 895 regna
1163 819 1331 894 perveniat,

122 924 154 976 et
176 918 277 975 videat
303 919 380 975 filios
406 917 538 975 filiorum
564 936 687 974 suornm
710 934 805 991 usque
831 916 864 973 in
887 916 1010 973 tertiam
1036 919 1068 972 et
1094 924 1237 989 quartam
1263 934 1331 992 pro·

120 1015 247 1092 geniem,
260 1019 292 1072 et
304 1015 343 1072 ed
356 1019 489 1091 optatam
503 1014 660 1091 perveniat
679 1017 870 1071 senectutem.
913 1011 973 1070 Per
987 1011 1141 1070 Christum
1163 1012 1331 1071 Dominum

90 1097 94 1102 ’
122 1117 269 1168 nostrum.

184 1208 268 1265 roc
281 1207 423 1266 Sacerdos
435 1225 587 1287 coamens
599 1206 641 1264 orl
658 1205 751 1264 altare
770 1213 900 1263 resumat
904 1203 1070 1280 fractiores
1083 1203 1283 1264 Eoctcatatt'rc
1295 1205 1330 1263 iri

120 1304 258 1362 mercibus
270 1305 341 1375 suia,
356 1313 383 1363 et
395 1304 474 1362 dicat
482 1328 493 1363 .·
513 1303 579 1361 Pax
592 1302 718 1362 Domini
730 1303 771 1360 sit
783 1321 899 1379 semper
911 1303 1073 1360 vobiscum.

180 1401 289 1478 Agnus
302 1401 362 1459 Dei
374 1402 428 1478 qui
440 1400 522 1458 tollis
535 1405 656 1476 peccata
668 1399 782 1471 mnndi,
796 1399 935 1456 miserere
947 1397 1041 1456 nobis.

180 1497 289 1572 Agnus
302 1496 361 1554 Dei
374 1497 427 1573 qui
441 1495 521 1554 tollis
533 1501 653 1571 peccate
665 1494 779 1565 mundi,
794 1494 933 1552 miserere
946 1495 1040 1553 nobis.

180 1593 290 1669 Agnus
303 1593 363 1651 Dei
375 1593 429 1669 qui
442 1593 524 1650 tollis
536 1597 657 1669 peccata
670 1591 783 1663 mundi,
798 1591 877 1649 dona
889 1591 976 1649 nobis
989 1610 1100 1668 pacem

181 1690 257 1747 Haec
271 1697 455 1748 sacrosancta
463 1690 639 1748 commixtio
650 1688 788 1765 Corporis
799 1694 830 1746 et
840 1688 1001 1765 Sanguinis
1011 1688 1137 1747 Domini
1145 1688 1243 1747 nostri
1252 1688 1277 1749 J
1277 1708 1330 1748 esu

120 1784 299 1844 christinae
318 1785 404 1843 nobis
417 1790 448 1842 et
460 1786 598 1843 omnibus
617 1785 803 1842 sumentibus
817 1785 896 1843 salus
915 1785 1025 1843 mentis
1038 1792 1069 1844 et
1089 1786 1229 1863 corporis,
1244 1791 1277 1845 ct
1288 1785 1329 1846 ad

118 1881 363 1939 vitemaeternam
371 1881 575 1958 capessendam
584 1882 760 1958 praeparatio
769 1881 915 1940 salutaris.
958 1882 1150 1941 Pereundem
1161 1882 1328 1941 Dominum

118 1982 254 2035 nostrum
277 1978 299 2036 J
300 1997 383 2035 esum
403 1977 565 2052 Christum,
586 1978 699 2036 Filium
719 1984 816 2050 tunm,
830 1980 884 2055 qui
903 1984 1003 2037 tecum
1023 1979 1103 2037 vivit
1123 1986 1154 2038 et
1174 1984 1281 2057 regnat
1294 1979 1328 2038 in

118 2075 235 2133 unitate
249 2075 379 2152 Spiritus
392 2075 495 2133 Sancti
507 2074 597 2134 Deus
641 2076 701 2133 Per
713 2076 813 2134 omnis
826 2077 932 2134 saecula
944 2076 1126 2135 saeculorum.

179 2171 299 2230 Habete
312 2172 465 2230 vinculum
478 2172 559 2249 pacis
572 2178 603 2229 et
613 2172 754 2242 caritatis,
765 2179 802 2230 ut
811 2173 877 2249 apti
889 2173 956 2230 sitis
969 2174 1161 2232 sacrosanctis
1174 2173 1328 2250 mysteriis

120 2265 186 2323 Dei.
429 2278 431 2282 ·
934 2284 936 2291 ·

178 2363 238 2423 Hic
251 2373 375 2440 surgant
388 2364 425 2423 ab
438 2363 568 2422 oratione
587 2382 710 2439 sponsus
723 2372 749 2420 ct
767 2383 882 2439 ponae,
904 2371 931 2422 ct
944 2363 1071 2440 occipiat
1090 2383 1214 2440 spectem
1222 2384 1326 2441 pacem

116 2480 138 2519 a
150 2459 301 2520 Sacerdote
314 2472 341 2521 ct
352 2462 438 2538 serat
450 2481 569 2537 εφοηεω,
584 2459 718 2519 oscultrtr
731 2479 805 2530 earn,
818 2469 845 2517 ct
857 2459 1002 2518 neminem
1015 2460 1119 2533 cltum,
1134 2462 1262 2538 accipre
1274 2480 1326 2521 nec

117 2556 184 2633 tyrso
195 2582 205 2617 :
238 2559 288 2617 scd
308 2559 428 2618 clericos
447 2559 549 2617 statim
568 2579 588 2616 a
603 2557 761 2634 presbitero
775 2577 880 2634 pacem
899 2557 1044 2633 accipens
1054 2558 1141 2634 serat
1160 2559 1233 2620 clir's
1249 2557 1326 2621 aaa

118 2653 238 2711 solitum
251 2663 298 2712 cst.

180 2751 314 2808 Oremns.

178 2845 315 2919 Domine,
330 2852 431 2906 sancte
444 2848 544 2922 Pater,
559 2850 745 2926 omnipotens
759 2855 869 2908 aeterne
883 2850 974 2920 Deus,
989 2849 1124 2908 danobis
1138 2850 1194 2910 hoe
1208 2850 1323 2930 corpus

117 2948 149 3001 et
173 2942 353 3019 Sanguinem
380 2944 451 3004 Filii
471 2947 527 3020 tui,
550 2947 674 3005 Domini
696 2947 801 3018 nostri,
826 2946 902 3005 Jesu
929 2946 1052 3020 Christi,
1080 2949 1125 3006 ita
1151 2967 1269 3008 sumere
1286 2956 1324 3008 ut

118 3059 284 3099 mereamur
310 3061 362 3119 per
388 3043 443 3102 hoc
471 3044 674 3102 remissionem
703 3050 891 3122 peccatorum
922 3052 1093 3102 nostrorum
1123 3044 1265 3121 accipere,
1293 3051 1326 3105 et

116 3144 171 3196 tuo
198 3138 307 3197 Sancto
334 3139 450 3216 Spiritu
475 3141 584 3219 repleri
595 3161 605 3214 ;
633 3141 704 3217 quia
730 3147 766 3199 tu
789 3160 820 3199 es
844 3141 927 3198 Deus
951 3146 982 3199 et
1005 3147 1114 3218 praeter
1137 3147 1167 3198 te
1191 3161 1254 3199 non
1278 3148 1324 3202 est

117 3234 194 3293 alius
220 3235 280 3293 nisi
304 3241 339 3294 tu
364 3238 449 3296 solus.
501 3237 562 3307 Qui
584 3237 662 3295 vivis
686 3243 717 3296 et
739 3257 845 3314 regnas
869 3236 960 3295 Deus.
1009 3236 1069 3295 Per
1092 3238 1194 3296 omnia
1215 3238 1323 3298 saeculs

117 3332 300 3391 saeculorum.
342 3335 451 3392 Amen.

118 3424 120 3428 ’
176 3426 330 3504 Perceptio
354 3430 483 3506 corporis
503 3436 534 3488 et
562 3431 716 3508 sanguinis
743 3431 798 3505 tui,
820 3431 950 3490 Domine
977 3430 1052 3489 Jesu
1081 3430 1210 3504 Christe,
1231 3451 1320 3510 quem

114 3521 255 3598 indignus
264 3543 379 3582 sumere
392 3545 545 3602 praesumo,
558 3547 619 3586 non
629 3529 705 3585 mihi
713 3528 816 3585 veniat
826 3528 864 3584 ed
874 3527 1022 3604 judicium
1031 3546 1087 3585 nec
1100 3527 1139 3584 ed
1149 3529 1323 3588 condemne-

115 3619 227 3676 tionem
239 3638 248 3690 5
281 3620 332 3676 sed
356 3640 409 3696 pro
435 3628 488 3679 tua
510 3623 621 3699 pietate
644 3624 739 3700 prosit
765 3624 842 3680 mihi
864 3624 903 3681 ed
929 3630 1135 3682 tutamentum
1161 3625 1323 3685 animaret

114 3713 252 3790 corporis.
295 3715 355 3784 Qui
375 3736 443 3773 cum
462 3718 528 3777 Deo
548 3720 639 3779 Patre
659 3728 690 3779 ct
711 3721 827 3798 Spiritu
841 3721 951 3780 Sancto
964 3721 1044 3779 rivis
1064 3726 1096 3779 et
1109 3741 1216 3798 regnes
1230 3723 1320 3782 Deus.

116 3809 176 3868 Per
189 3811 288 3869 omnia
301 3812 408 3870 saeoula
421 3815 603 3875 saeculorum.
643 3819 753 3876 Amen.

176 3907 304 3966 Domine
325 3909 347 3966 J
349 3929 414 3966 esus
437 3910 565 3984 Christe,
587 3913 647 3971 Fili
667 3915 726 3973 Dei
745 3914 818 3988 vivi,
838 3914 892 3991 qui
916 3934 954 3972 ex
973 3914 1132 3973 voluntate
1152 3914 1263 3988 Patris,
1277 3933 1321 3974 oo·

113 4011 255 4082 operante
269 4005 384 4082 Spiritu
398 4006 515 4080 Sancto,
527 4029 581 4086 per
591 4016 717 4068 mortem
729 4017 815 4068 tuam
828 4011 973 4068 mundum
987 4010 1156 4082 vivificasti,
1170 4010 1265 4069 libem
1273 4028 1321 4068 me

114 4120 168 4178 per
181 4103 236 4159 hoc
249 4122 364 4160 sacrum
378 4103 492 4180 Corpus
505 4112 536 4163 et
556 4107 738 4184 Sanguinem
750 4113 838 4166 tunm
851 4108 890 4165 ab
910 4108 1047 4164 omnibus
1063 4106 1276 4182 iniquitatibus
1289 4110 1321 4165 et

114 4200 262 4258 universis
276 4200 363 4258 malis
382 4202 477 4275 meis;
497 4209 528 4261 et
539 4204 585 4262 fac
599 4225 646 4263 me
659 4206 721 4263 tuis
741 4207 860 4264 obedire
873 4205 1028 4282 preceptis
1041 4210 1072 4262 et
1092 4223 1111 4262 e
1120 4209 1152 4262 te
1165 4220 1319 4281 nunquam

112 4295 145 4354 in
159 4303 336 4373 perpetuum
350 4300 480 4376 separari
492 4300 657 4377 permittas.
702 4302 844 4372 Quicum
858 4303 923 4360 Deo
937 4300 1029 4359 Patre
1042 4305 1074 4358 et
1088 4300 1193 4359 eodem
1203 4299 1318 4377 Spiritu

112 4393 222 4453 Sancto
245 4393 323 4452 vivis
346 4402 378 4454 et
394 4416 499 4475 regnas
521 4398 611 4457 Deus.
655 4399 715 4458 Per
734 4401 835 4459 omnia
854 4398 960 4459 saccula
979 4399 1163 4456 saeculorum.
1206 4398 1315 4457 Amen.
