2866 4846
377 335 467 404 Ordo
489 335 537 401 od
559 334 841 402 Ootecbcmccara
861 334 1082 402 Focicodcm.
1315 340 1335 404 9
1401 344 1407 355 “

122 519 239 577 tionem
257 518 430 594 fontemque
443 518 631 595 baptismatis
651 518 729 576 dono
748 536 855 577 vocare
868 517 1008 596 dignatus
1020 523 1067 577 est
1073 537 1083 592 ,·
1104 524 1136 576 et
1148 517 1204 578 hoo
1217 517 1336 597 signum

120 616 219 674 crucis
230 613 279 695 ᾧ,
296 624 322 673 ct
336 623 436 674 cetera.

184 712 344 788 Adjurotio
357 710 599 788 superseminant
614 719 732 769 tontum
744 711 806 770 sinc
820 711 953 770 Oramus.

184 809 327 866 Exoreizo
349 815 389 878 te,
404 808 557 865 immunde
578 807 711 884 spiritus,
725 826 778 883 per
800 808 922 865 Patrem
944 813 975 866 et
997 807 1111 866 Filium
1132 813 1164 866 et
1185 805 1333 883 Spiritum

123 904 277 978 Sanctum,
292 911 327 961 ut
349 924 436 962 excas
458 910 488 961 et
512 905 629 962 recedas
651 905 689 961 ab
711 904 765 961 hac
787 905 899 962 famula
921 905 980 962 Dei
1002 903 1042 963 N.
1085 903 1154 982 Ipse
1172 904 1253 962 enim
1274 903 1333 962 tibi

121 1002 257 1077 imperat,
273 1002 438 1075 maledicte,
454 1003 600 1074 damnate,
616 1000 670 1078 qui
687 1021 762 1059 caeco
782 1008 854 1060 nato
873 1003 972 1061 oculos
992 1002 1110 1079 aperuit
1124 1008 1155 1060 et
1174 1001 1332 1077 quadridu-

122 1117 216 1155 anum
230 1098 374 1154 Lazarum
388 1098 424 1155 de
438 1103 630 1155 monumento
644 1097 807 1156 suscitavit.
850 1097 938 1175 Ergo,
954 1098 1110 1156 maledicte
1123 1097 1248 1155 diabole,

184 1194 233 1250 Ea
254 1193 324 1252 hinc
344 1213 409 1251 vcro
432 1194 551 1252 dicotur
573 1202 634 1251 tom
657 1194 930 1270 superaccumulans
952 1214 1042 1270 quom
1065 1213 1152 1270 super
1170 1193 1329 1270 fhmiucm,

120 1289 185 1348 sinc
198 1291 348 1348 Dominus
361 1290 513 1347 vobiscum
528 1299 554 1348 et
568 1289 702 1348 Oremus,

183 1386 341 1444 AEternam
362 1405 396 1444 ac
412 1386 610 1462 justissimam
630 1386 773 1462 pietatem
792 1392 877 1443 tuam
898 1386 1045 1462 deprecor,
1068 1385 1206 1460 Domine,
1228 1391 1330 1445 sancto

122 1482 222 1555 Pater,
238 1485 425 1559 omnipotens
439 1489 549 1542 aeterne
564 1484 654 1556 Deus,
671 1484 724 1560 qui
743 1503 774 1541 es
794 1490 897 1542 auctor
910 1484 1032 1542 luminis
1046 1489 1077 1542 et
1090 1484 1227 1543 veritatis
1240 1503 1330 1561 super

121 1577 202 1636 hunc
224 1578 370 1636 famulum
391 1585 479 1636 tuum
502 1578 567 1650 N.;
587 1577 644 1637 ut*
663 1580 793 1655 digneris
810 1599 878 1637 eum
893 1580 1064 1638 illuminare
1084 1580 1198 1638 lumine
1220 1579 1329 1638 intelli·

120 1676 228 1751 gentiae
256 1680 337 1734 tuae:
373 1676 485 1734 munda
506 1697 574 1735 eum
606 1683 637 1735 et
661 1678 830 1735 sanctifica:
862 1678 900 1735 da
924 1679 951 1735 ei
972 1678 1126 1735 scientiam
1152 1697 1263 1750 veram,
1292 1684 1328 1736 ut

119 1771 242 1829 idoneus
256 1773 401 1829 efficiatur
413 1774 548 1831 accedere
559 1774 596 1831 ad
606 1774 734 1850 gratiam
746 1774 889 1851 baptismi
902 1774 950 1832 tui
963 1796 970 1834 ε
992 1780 1094 1832 teneat
1104 1775 1221 1833 firmam
1234 1792 1326 1850 spem,

119 1867 276 1925 consilium
297 1875 419 1941 rectum,
441 1869 607 1928 doctrinam
630 1876 762 1928 sanctam
772 1890 782 1944 3
811 1875 845 1928 ut
869 1876 957 1947 aptus
981 1871 1021 1929 sit
1041 1870 1080 1928 ad
1106 1870 1327 1948 percipiendam

118 1962 246 2038 gratiam
259 1964 400 2039 baptismi
413 1967 468 2023 tui.
510 1966 569 2023 Per
582 1967 747 2024 Dominum
760 1972 906 2039 nostrum,
917 1968 939 2026 J
941 1987 1024 2024 esum
1038 1966 1200 2039 Christum,
1212 1966 1326 2024 Filium

118 2065 214 2133 tuum,
238 2062 291 2137 qui
313 2069 413 2120 tecum
436 2063 514 2121 vivit
532 2069 562 2121 et
579 2070 684 2140 regnat
701 2064 735 2121 in
752 2064 869 2122 unitate
891 2064 1022 2141 Spiritus
1044 2063 1147 2122 Sancti
1168 2064 1252 2123 Deus
1272 2081 1326 2140 per
1418 2102 1424 2109 «

119 2159 219 2214 omnia
232 2157 347 2216 saecula.

179 2253 329 2311 Dominus
343 2253 503 2310 vobiscum.

179 2349 349 2407 Secundum
361 2349 401 2403 M
398 2348 544 2405 otthonum*

179 2444 219 2500 In
232 2444 284 2501 illo
299 2449 438 2518 tempore,
454 2443 557 2501 Oblati
570 2447 642 2500 sunt
655 2444 677 2502 J
679 2461 729 2500 esu
743 2443 870 2519 parvuli,
886 2448 922 2501 ut
935 2462 1041 2501 manus
1055 2444 1097 2501 eis
1111 2443 1278 2519 imponeret
1293 2449 1325 2502 et

119 2545 225 2597 oraret.
269 2540 417 2615 Discipuli
439 2545 539 2596 autem
563 2540 627 2616 ejus
644 2540 838 2616 increpabant
861 2560 929 2598 eos:
950 2541 973 2599 J
974 2560 1040 2598 esus
1057 2545 1158 2598 autem
1179 2540 1223 2615 ait
1243 2541 1304 2600 illis
1314 2562 1324 2616 ς

117 2636 215 2694 Sinite
234 2635 374 2712 parvulos
394 2637 496 2694 venire
509 2637 547 2694 ad
560 2656 615 2709 me,
632 2641 662 2694 et
676 2636 768 2694 nolite
788 2656 838 2694 eos
856 2637 1014 2714 prohibere
1022 2657 1031 2710 ;
1052 2637 1158 2694 talium
1178 2643 1224 2696 est
1244 2637 1323 2697 enim

116 2752 241 2810 regnum
255 2732 399 2790 caelorum.
444 2734 566 2791 Etcum
579 2733 766 2810 imposuisset
779 2753 884 2791 manus
898 2735 948 2807 eis,
964 2733 1040 2792 abiit
1053 2734 1131 2792 inde.

177 2830 249 2889 Post
262 2831 458 2906 Eccopclium
471 2830 611 2890 Sacerdos
624 2832 779 2907 'sporripot
793 2832 900 2890 librum
908 2831 1026 2908 pucro†
1040 2831 1083 2890 cd
1094 2831 1294 2891 osculandum.

174 2928 270 3005 Super
283 2929 448 2987 masculam
462 2928 643 3004 etfamicum
662 2929 721 2988 istu
741 2929 835 2988 oratio
849 2929 968 2987 dicotur
986 2928 1049 2987 sine
1062 2929 1211 2987 Dominus
1225 2930 1321 2989 vobis·

115 3040 192 3093 cum,
207 3030 233 3079 et
246 3022 309 3079 siue
323 3021 456 3079 Oremus.

174 3116 239 3174 Nec
252 3123 283 3174 te
304 3117 387 3189 latet,
403 3117 522 3189 Satana,
537 3116 693 3175 imminere
706 3116 764 3173 tibi
776 3135 893 3192 paenas3
914 3116 1069 3174 imminere
1080 3116 1138 3174 tibi
1150 3122 1300 3176 tormenta
1311 3138 1321 3192 ς

113 3213 268 3271 imminere
280 3215 337 3271 tibi
351 3214 429 3271 diem
439 3213 555 3288 judicii,
571 3213 650 3270 diem
664 3213 801 3288 supplicii
814 3212 995 3288 sempiterni,
1010 3213 1088 3271 diem
1103 3214 1156 3289 qui
1174 3220 1320 3273 venturus

113 3313 160 3366 est
172 3308 256 3365 velut
269 3309 402 3367 clibanus
415 3309 530 3379 ardens,
541 3309 574 3365 in
588 3328 647 3385 quo
659 3309 718 3366 tibi
731 3315 820 3385 atque
833 3309 977 3367 universis
990 3309 1102 3385 angelis
1116 3310 1176 3367 tuis
1190 3315 1319 3368 aeternus

112 3390 301 3482 superveniet
320 3408 467 3466 interitus.
511 3406 651 3479 Proinde,
669 3407 807 3464 damnate
826 3413 917 3482 atque
936 3407 1112 3480 damnande,
1127 3408 1165 3465 da
1177 3408 1319 3467 honorem

112 3503 180 3560 Deo
203 3502 272 3560 vivo
296 3508 327 3559 et
350 3523 420 3560 vero
431 3523 441 3577 ;
466 3503 505 3560 da
528 3502 670 3560 honorem
696 3502 772 3562 Jesu
796 3503 914 3560 Christo
942 3503 1021 3561 Filio
1049 3505 1113 3579 ejus
1136 3509 1167 3561 et
1191 3504 1319 3580 Spiritui

112 3598 245 3670 Sancto,
266 3598 300 3654 in
324 3600 407 3674 cujus
430 3598 550 3655 nomine
577 3603 668 3674 atque
694 3599 808 3656 virtute
831 3599 970 3674 praecipio
997 3599 1057 3656 tibi
1083 3599 1251 3676 quicunque
1277 3584 1333 3672 es,

110 3695 234 3771 spiritus
247 3696 409 3768 immunde,
425 3701 460 3753 ut
473 3716 559 3754 exeas
574 3703 605 3753 et
618 3696 735 3754 recedas
749 3697 787 3754 ab
800 3696 856 3754 hoc
868 3695 979 3754 famulo
994 3697 1053 3754 Dei
1065 3697 1115 3768 N,
1128 3717 1216 3774 quom
1230 3697 1318 3755 hodie

111 3793 196 3850 Deus
219 3799 250 3851 et
273 3793 421 3851 Dominus
443 3799 544 3851 noster
564 3794 587 3852 J
588 3812 654 3850 esus
676 3793 813 3851 Christus
833 3793 872 3851 ad
894 3813 978 3852 suam
998 3800 1131 3853 sanctam
1144 3795 1272 3872 gratiam
1286 3800 1317 3852 et

109 3889 347 3949 benedictionem
360 3890 531 3967 fontemque
551 3891 739 3968 baptismatis
759 3891 836 3948 dono
856 3911 960 3950 vocare
974 3893 1115 3968 dignatus
1129 3899 1193 3965 est;
1214 3898 1250 3950 ut
1263 3892 1317 3949 fiat

109 3986 175 4062 ejus
188 3986 334 4062 templum
346 4006 399 4062 per
419 4006 527 4062 aquam
548 3987 780 4063 regenerationis
799 3988 832 4044 in
852 3989 1054 4046 remissionem
1068 3990 1201 4047 omnium
1219 4007 1317 4064 pecca-

108 4090 217 4142 torum.
259 4084 300 4141 In
323 4084 443 4142 nomine
467 4084 598 4160 ejusdem
620 4085 744 4144 Domini
763 4085 859 4143 nostri
879 4086 953 4144 Jesu
968 4086 1088 4157 Christi,
1105 4085 1158 4161 qui
1171 4089 1316 4144 venturus

109 4185 155 4239 est
164 4181 299 4258 judicare
312 4181 397 4239 vivos
410 4188 441 4239 et
454 4187 586 4240 mortuos
599 4188 630 4240 et
643 4183 775 4240 seculum
788 4202 842 4259 per
854 4182 961 4260 ignem.
1003 4182 1112 4243 Amen.

232 4318 246 4345 *
261 4318 331 4366 York
340 4319 421 4366 MS-
427 4317 444 4341 “
450 4319 480 4364 ut
490 4317 685 4366 benedictionem
694 4320 764 4366 tuam
773 4318 891 4366 infundas
901 4319 927 4365 et
937 4317 1069 4376 digneris,''
1080 4322 1101 4364 et
1110 4322 1191 4366 cetera

360 4392 375 4452 †
390 4391 430 4437 Sir
440 4390 506 4436 John
516 4389 641 4439 Lauson's
651 4391 827 4452 trs-“ponat
836 4390 919 4439 librum
929 4390 1059 4451 oripoert'¹
