2850 4800
193 316 256 377 152
665 310 769 377 Feric
785 310 923 393 Quinto.

257 477 364 536 Oratio.

253 570 447 646 Omnipotens
474 568 650 646 sempiterne
678 568 770 640 Deus,
793 569 846 645 qui
873 569 1003 628 humano
1029 571 1132 649 generi
1154 573 1196 633 cd
1221 573 1281 633 imi
1300 602 1303 625 t
1320 602 1365 624 ..e
1418 602 1419 613 ¹

190 666 370 725 humilitatis
390 666 560 742 exemplum
583 665 760 723 salvatorem
783 671 919 725 nostrum
946 687 1064 726 carnem
1090 688 1209 729 sumere
1232 677 1267 730 et
1295 700 1308 725 c
1328 700 1360 723 n.
1421 700 1425 738 3

191 763 290 820 subire
306 762 421 836 fecisti3
442 763 566 820 concede
586 761 733 839 propitius
753 768 789 820 ut
809 763 962 839 patientioe
981 764 1076 841 ipsius
1093 765 1203 825 hebere
1412 825 1415 828 .

190 863 221 916 et
234 859 455 918 resurrectionis
468 858 615 917 consortie
628 878 801 918 mereamur.
844 858 904 918 Per
917 860 1051 918 eundem.

665 1037 766 1094 Fnsm
787 1036 919 1107 Qumis.

249 1170 319 1229 Post
332 1168 367 1227 N
365 1189 453 1229 marn
457 1168 543 1244 facto
556 1169 705 1241 uiduitate,
721 1168 822 1227 statice
834 1166 974 1228 Sacerdos
984 1168 1019 1228 iu
1028 1167 1112 1230 Attis
1125 1191 1194 1231 cum
1207 1173 1387 1235 minuunt&

189 1265 328 1341 crueifhrc
337 1276 363 1325 et
371 1265 542 1342 ceroferario
550 1264 685 1324 similiter
692 1264 727 1321 in
736 1263 826 1337 Attis,
833 1265 987 1325 eomitante
996 1264 1076 1338 clero,
1087 1267 1128 1325 od
1135 1267 1260 1328 Altaria
1269 1268 1389 1331 lavante

183 1365 352 1441 procedant,
368 1365 420 1423 ubi
427 1372 496 1440 post
504 1383 584 1439 cquc
598 1361 743 1422 benedicta
756 1362 1035 1439 superinfunditur,
1051 1364 1202 1442 laventque
1215 1366 1390 1429 Sacerdcset

188 1461 450 1520 Dicccnnctittcre
465 1480 530 1518 eune
543 1459 663 1536 hyssopo
675 1466 701 1517 et
719 1458 823 1517 sucino
841 1459 933 1520 simul
948 1461 1052 1534 mixto,
1067 1461 1173 1521 deinde
1193 1463 1302 1523 cincun
1319 1464 1390 1524 etut-

194 1559 259 1617 liter
272 1559 462 1633 infundatur.

250 1655 334 1713 Dum
347 1656 406 1714 luce
411 1659 504 1731 fiunt,
520 1664 629 1715 canunt
642 1655 869 1734 Resporsscriunn
888 1655 1156 1715 Circumdederunt
1168 1678 1238 1718 eum
1258 1658 1356 1720 Vereu.

624 1855 670 1915 De
684 1855 818 1915 omnibus
831 1854 956 1914 ducetis.

251 1934 432 2012 Antiphone.

251 2034 338 2091 Beati
351 2034 432 2106 estis,
447 2032 541 2090 sancti
555 2032 613 2089 Dei
627 2050 737 2104 omnes,
752 2031 806 2108 qui
818 2031 968 2091 meruistis
985 2039 1133 2092 consortes
1147 2033 1213 2093 fieri
1232 2036 1390 2096 coelestium

190 2132 339 2190 virtutum
361 2136 392 2189 et
414 2129 528 2209 perfrui
549 2128 693 2186 claritatis
719 2128 833 2204 gloria3
857 2127 982 2205 ideoque
1004 2148 1167 2206 precemur,
1193 2122 1231 2190 ut
1253 2152 1392 2195 memores

188 2229 285 2286 nostri
298 2227 478 2286 intercedere
492 2224 656 2302 dignemini
669 2243 723 2301 pro
737 2224 822 2281 nobis
836 2224 874 2281 cd
889 2224 1053 2283 Dominum
1067 2225 1166 2283 Deum
1179 2233 1325 2289 nostrum.

195 2326 226 2385 V.
248 2324 436 2404 (cccudctnl'
449 2323 475 2402 ).
498 2322 657 2381 Lsstamini
670 2322 703 2378 in
716 2320 846 2379 Domino
860 2327 890 2378 et
904 2321 1046 2395 exultate,
1057 2323 1142 2398 justi.

252 2423 362 2482 Oratio.

249 2520 338 2592 Vide,
368 2518 506 2589 Domine,
534 2515 723 2574 infirmitates
756 2521 872 2573 nostras
908 2520 939 2572 et
973 2515 1228 2575 intercedentibus
1259 2519 1391 2580 omnibus

189 2618 298 2676 sanctis
310 2616 379 2688 tuis,
395 2615 483 2674 celeri
496 2613 582 2672 nobis
594 2613 706 2691 pietate
726 2631 870 2671 succurre.
913 2612 972 2670 Per
986 2612 1139 2671 Christum
1154 2613 1326 2676 Dominum

512 2815 562 2873 Ad
575 2815 676 2873 Attcre
691 2815 777 2874 bectce
790 2814 900 2874 Murice
918 2815 1057 2892 Vis-pinis.

250 2896 430 2972 Antiphone.

248 2995 317 3051 Ave
329 2993 431 3070 regins
444 2992 581 3051 oaelorum
592 3011 602 3066 ;
621 3010 676 3050 ave
689 2991 810 3049 domina
822 2992 994 3070 angelorum
1007 3011 1017 3066 3
1039 2992 1121 3052 salve
1133 2994 1222 3054 radix
1235 3003 1346 3070 mnots,
1359 3016 1394 3057 ex

188 3110 247 3167 qua
269 3088 381 3147 mundo
405 3089 460 3146 lux
483 3093 529 3147 est
551 3094 635 3162 orta3
655 3088 751 3165 gaude
774 3086 900 3166 gloriosa
923 3109 1012 3167 super
1035 3109 1137 3150 omnes
1159 3093 1292 3169 speciose
1302 3115 1312 3169 ;
1332 3094 1394 3154 vale

188 3188 274 3247 valde
288 3186 401 3260 decora,
417 3192 448 3244 et
460 3205 514 3263 pro
525 3187 611 3244 nobis
624 3205 739 3263 semper
752 3186 906 3244 Christum
919 3205 1021 3246 exors.

194 3284 226 3344 V.
247 3282 481 3362 (sacerdotatis).
507 3282 579 3341 Post
592 3289 721 3360 partum.

252 3381 363 3440 Oratio.

251 3474 384 3531 Concede
397 3492 452 3531 nos
465 3471 592 3532 famulos
604 3478 682 3547 tuos,
697 3492 874 3550 quaesumus,
886 3473 1014 3532 Domine
1028 3473 1120 3548 Deus,
1132 3482 1277 3552 perpetus
1289 3478 1398 3537 mentis

189 3577 221 3630 et
234 3569 362 3647 corporis
375 3569 471 3628 salute
484 3570 611 3646 gaudere
624 3574 655 3627 et
668 3569 794 3647 gloriosa
807 3569 900 3628 bestae
921 3569 1027 3628 Mariae
1041 3589 1156 3652 semper
1168 3572 1294 3650 virginis
1306 3573 1397 3633 inter·

189 3665 318 3725 cessione
344 3685 363 3724 s
383 3665 523 3743 praesenti
549 3664 669 3724 liberari
695 3665 821 3724 tristitia
847 3670 879 3723 et
904 3665 1006 3724 futura
1029 3665 1144 3744 perfrui
1169 3667 1283 3728 laetitia„
1339 3669 1398 3729 Per

191 3763 343 3823 Christum
357 3763 529 3822 Dominum.

659 3891 704 3950 De
717 3911 777 3949 uuo
792 3900 927 3967 rncrtpre.

249 3972 431 4050 Antiphone.

248 4070 310 4128 Hic
324 4075 369 4127 est
381 4089 450 4129 vere
468 4074 583 4146 martyr
601 4069 653 4146 qui
670 4089 724 4147 pro
747 4070 861 4129 Christi
879 4069 1000 4128 nomine
1019 4050 1194 4147 sanguinem
1206 4089 1298 4130 sunm
1309 4071 1397 4145 fudit,

188 4166 240 4242 qui
253 4166 349 4224 minas
358 4166 495 4242 judicum
508 4185 570 4224 non
582 4166 694 4240 timuit,
709 4185 763 4225 nec
784 4171 908 4225 terrenos
927 4166 1084 4245 dignitatis
1102 4166 1229 4245 glorium
1247 4170 1396 4247 quesivit,

188 4263 240 4320 sed
252 4263 291 4320 cd
304 4261 430 4320 coelestia
443 4281 533 4340 regne
546 4262 673 4322 feliciter
684 4263 828 4341 pervenit.

194 4356 223 4417 V.
245 4358 266 4434 (
266 4357 451 4418 sacerdotalis
451 4360 475 4436 ).
499 4358 603 4417 Gloria
616 4365 647 4418 et
660 4359 771 4418 honore
785 4359 932 4420 coronasti
944 4379 1022 4433 eum,
1037 4360 1175 4419 Domine
