2850 4800
461 245 628 312 Manuale
643 244 690 311 ed
703 265 808 310 usum
821 244 961 312 Surum.

274 415 381 473 Sancte
395 412 559 485 Dunstana,
574 411 729 468 intercede.

274 495 381 551 Sancte
396 493 565 562 Outhberte,
579 491 736 549 intercede.

274 575 382 631 Sancte
392 573 552 642 Leonarde,
567 571 722 628 intercede.

274 654 382 711 Sancte
396 652 494 727 Egidi,
508 651 661 708 intercede.

234 735 345 792 Omnes
358 734 452 790 sancti
467 732 660 802 Oenfessorea
673 730 854 788 intercedite.

235 814 345 872 Omnes
358 812 453 869 sancti
467 812 608 868 Menaehi
622 818 652 867 et
666 811 813 883 Eremitae‚
828 810 1010 868 intercedite.

275 894 384 953 Sancta
398 892 496 948 diaria
509 891 695 967 Magdalena,
709 891 855 949 intercede
868 910 922 966 pre
936 892 1041 948 anime.
1055 893 1130 967 ejus.

276 974 384 1031 Sancta
398 971 496 1029 Maria
509 972 696 1047 AEgyptiuca,
711 971 859 1029 intercede
873 991 926 1047 pro
940 971 1046 1029 anima
1060 974 1135 1047 ejus.

276 1054 384 1110 Sancta
397 1052 544 1123 Felicitas,
559 1052 713 1108 intercede.

276 1134 383 1189 Sancta
397 1132 553 1206 Perpetua,
568 1132 724 1189 intercede.

276 1215 383 1269 Sancta
397 1212 513 1282 Occiliu,
528 1212 682 1268 intercede.

276 1295 384 1349 Sancta
397 1291 497 1361 Lucia,
512 1292 667 1348 intercede.

276 1373 384 1429 Sancta
397 1371 525 1447 Agatha,
541 1371 696 1428 intercede.

276 1453 384 1508 Sancta
397 1452 508 1526 Agnes,
523 1452 679 1508 intercede.

275 1532 383 1588 Sancta
397 1532 493 1602 Fides,
509 1531 663 1588 intercede.

276 1611 383 1669 Sancta
398 1612 575 1682 Katharina,
590 1611 745 1668 intercede.

276 1692 384 1748 Sancta
398 1692 585 1759 Scholastica,
599 1691 754 1749 intercede.

275 1772 383 1828 Sancta
396 1772 418 1828 J
419 1771 530 1841 uliana„
541 1772 694 1828 intercede.

276 1852 385 1909 Sancta
399 1853 577 1927 Margareta,
591 1851 745 1908 intercede.

276 1933 384 1989 Sancta
398 1932 565 2003 Anastasia,
581 1932 736 1988 intercede.

277 2012 385 2069 Sancta
399 2011 574 2082 Petrenella,
590 2012 744 2068 intercede.

276 2092 385 2149 Sancta
398 2093 517 2161 Editha‚
530 2093 686 2148 intercede.

277 2172 385 2229 Sancta
399 2173 528 2247 Bn'gida,
543 2173 697 2229 intercede.

237 2253 346 2309 Omnes
360 2259 467 2309 sanetae
481 2253 630 2327 Virginea,
645 2252 816 2308 intercedite
829 2270 883 2326 pro
897 2251 996 2308 anima
1009 2252 1084 2326 ejus.

237 2334 347 2389 Omnes
361 2333 470 2403 Sancti,
486 2333 659 2388 intercedite
673 2351 725 2406 pro
739 2331 838 2388 anima
852 2332 922 2406 ejus.

176 2411 327 2487 Propitius
337 2419 408 2483 esto,
420 2432 504 2487 parce
518 2418 548 2468 et
562 2412 680 2468 dimitte
694 2412 721 2467 ei
735 2412 834 2468 omnia
846 2417 1024 2486 peceatasua,
1041 2411 1185 2472 Domine.

177 2493 227 2548 Ab
241 2493 322 2549 omni
336 2494 433 2550 malo:
457 2492 550 2548 libera
564 2499 594 2548 et
608 2492 731 2548 defende
744 2492 873 2548 animam
887 2493 958 2567 ejus,
974 2492 1113 2550 Domine.

176 2572 228 2628 Ab
241 2573 325 2629 hoste
339 2573 441 2647 iniquo
455 2593 461 2628 :
482 2572 574 2629 libera
587 2578 617 2628 et
632 2572 753 2629 defende
773 2572 903 2628 animam
916 2573 988 2647 ejus,
1004 2572 1145 2631 Domine.

176 2653 228 2709 Ab
239 2653 354 2709 insidiis
362 2660 392 2709 et
403 2653 515 2727 laqueis
523 2652 633 2709 diaboli
645 2674 650 2709 :
676 2653 768 2708 libera
779 2658 808 2708 et
819 2653 941 2708 defende
952 2652 1083 2709 animani
1095 2655 1171 2728 ejus,
1184 2654 1306 2712 Domina

176 2733 228 2790 Ab
241 2734 361 2790 incursu
382 2734 576 2807 malignorum
597 2733 775 2808 spirituum:
797 2733 889 2789 libera
903 2739 933 2789 et
954 2732 1078 2789 defende
1098 2734 1234 2793 animam
1247 2735 1307 2810 ejus

119 2813 254 2869 Domine.

177 2895 210 2950 A
223 2893 329 2949 timore
342 2893 526 2950 inimicorum
540 2914 546 2949 ε
568 2893 661 2949 libera
674 2898 704 2949 et
718 2893 840 2949 defende
853 2893 983 2949 animam
996 2893 1068 2968 ejuS,
1085 2894 1228 2953 Domine.

178 2974 229 3029 Ab
242 2973 287 3030 ira
300 2979 353 3029 tua
367 2995 373 3031 :
394 2974 531 3030 liberast
545 2973 668 3029 defende
681 2973 809 3029 animam
824 2974 895 3048 ejus,
912 2974 1046 3030 Domine.

177 3054 210 3109 A
223 3054 411 3110 damnatione
425 3059 583 3128 perpetua:
603 3053 696 3111 libera
710 3060 740 3110 et
754 3054 876 3110 defende
890 3054 1019 3110 arrimam
1033 3054 1106 3128 ejus,
1122 3054 1260 3113 Domine

177 3136 209 3190 A
223 3135 315 3208 paenis
328 3134 456 3191 inferni:
477 3134 569 3189 libera
583 3140 613 3190 et
625 3134 747 3190 defende
761 3134 889 3190 animam
903 3135 974 3209 ejus
990 3135 1127 3191 Domine.

177 3215 209 3271 A
222 3214 351 3289 periculo
365 3215 468 3271 mortis
483 3235 489 3270 :
510 3214 603 3270 libera
616 3220 647 3271 et
660 3214 782 3271 defende
795 3215 925 3271 animam
938 3216 1010 3289 ejus,
1026 3214 1166 3272 Domine.

177 3295 209 3350 A
222 3295 349 3369 pondere
362 3301 565 3370 peccatorum:
586 3295 679 3351 libera
692 3300 722 3350 et
736 3295 859 3351 defende
872 3295 1001 3350 animam
1016 3295 1088 3369 ejus,
1105 3295 1244 3354 Domine.

176 3373 235 3431 Per
255 3374 428 3431 immensam
448 3375 590 3449 pietatem
604 3380 705 3431 tuam:
725 3375 817 3431 libera
831 3381 862 3431 et
883 3375 1005 3431 defende
1025 3375 1158 3432 animam
1173 3378 1246 3452 ejus,
1260 3375 1308 3432 De

117 3473 203 3510 ruine.

174 3533 234 3589 Per
247 3535 420 3609 mysterium
441 3541 549 3592 sanetae
563 3534 775 3591 incarnationis
796 3540 872 3592 tuae:
893 3534 987 3591 libera
1001 3540 1031 3591 et
1045 3534 1172 3593 defende
1190 3537 1308 3594 animam

115 3615 186 3687 ejus,
201 3613 340 3671 Domine.

174 3693 233 3750 Per
252 3701 384 3751 sanctam
404 3695 653 3752 circumcisionem
667 3699 769 3752 tuam:
791 3696 884 3752 libera
904 3700 934 3752 et
954 3694 1077 3751 defende
1098 3696 1233 3755 animam
1245 3697 1307 3772 ejus,

116 3773 250 3831 Domine.

174 3853 233 3912 Per
255 3862 386 3912 sanctam
407 3855 623 3931 apparitionem
648 3862 748 3913 tuam:
770 3855 863 3913 libera
887 3862 917 3912 et
942 3854 1064 3913 defende
1088 3856 1223 3915 animam
1245 3858 1306 3933 ejus

117 3934 248 3992 Domine.

171 4013 231 4071 Per
243 4016 424 4091 baptismum
433 4022 520 4072 tuum
536 4036 542 4073 :
566 4017 659 4074 libera
672 4021 702 4074 et
715 4016 839 4074 defende
852 4017 980 4074 animam
994 4017 1066 4092 ejus,
1082 4015 1225 4077 Domine.

170 4094 229 4152 Per
244 4096 393 4171 jejunium
407 4102 512 4153 tuum:
533 4098 627 4153 libera
641 4104 671 4153 et
684 4097 807 4154 defende
821 4098 951 4154 animam
965 4098 1036 4172 ejuS,
1052 4097 1192 4156 Domine.

110 4251 138 4307 D
169 4174 229 4233 Per
251 4177 417 4252 passionem
439 4184 469 4235 et
494 4197 609 4234 erucem
634 4184 737 4235 tuam:
765 4177 858 4235 libera
880 4184 910 4236 et
934 4177 1057 4235 defende
1079 4179 1215 4236 animam
1241 4178 1304 4255 ejus,

141 4273 244 4314 emme.

168 4334 227 4393 Per
236 4335 400 4412 piissimam
408 4343 533 4395 mertem
543 4343 627 4395 tuam
643 4358 649 4396 :
672 4338 766 4395 libera
779 4343 809 4396 et
820 4338 943 4396 defende
953 4338 1083 4396 animam
1092 4338 1165 4415 ejus,
1176 4338 1304 4398 Domine.
