2850 4800
74 388 77 394 .
128 328 190 388 102
528 323 730 390 Iatrumotio
753 323 922 410 Defoaotc'.

124 506 248 581 junctus
258 528 266 580 3
291 513 321 566 et
342 507 367 565 si
386 527 452 583 quse
473 506 519 564 illi
537 513 616 580 sunt,
638 507 775 580 Domine,
798 506 894 584 dignae
915 505 1093 564 cruciatibus
1113 507 1216 583 eulpae,
1233 511 1268 564 tu
1281 525 1332 565 eas

127 603 224 678 gretia
237 604 399 661 mitissimae
414 604 547 662 leuitatis
560 604 700 680 indulge;
719 624 773 662 nec
787 603 898 680 peccati
914 604 1037 680 recipiat
1050 603 1154 676 vicem,
1170 602 1222 661 sed
1234 602 1332 660 indul-

127 703 236 776 gentiae
250 707 309 758 tuae
325 703 404 778 piam
418 703 528 759 sentiat
541 703 724 762 bonitatem:
746 722 871 778 cumque
892 701 976 759 finito
997 702 1103 758 mundi
1116 701 1245 759 termino
1259 720 1333 758 sem-

128 795 280 872 piternum
301 800 414 857 cunctis
434 800 568 858 illuxerit
588 820 720 876 regnum,
742 799 875 856 omnium
900 803 1068 855 sanctorum
1087 799 1211 856 coetibus
1231 817 1333 875 aggre-

128 898 216 967 gatus
243 915 310 951 cum
338 896 438 954 electis
461 899 522 955 tuis
549 903 683 974 resurgat
711 897 743 954 in
767 901 851 972 parte
876 895 999 953 dextera
1025 897 1218 955 coronandus.
1273 896 1333 954 Per

128 990 282 1048 Christum
297 994 461 1052 Dominum
473 1002 616 1052 nostrum.

190 1088 322 1148 Oremus.
367 1091 475 1150 Oratio

190 1185 334 1244 Debitum
356 1189 480 1246 humani
505 1189 633 1266 eorporis
657 1189 819 1266 sepeliendi
842 1188 971 1246 officium
994 1188 1128 1246 fidelium
1152 1209 1233 1247 more
1256 1207 1332 1246 com·

129 1280 252 1356 plentes,
269 1283 367 1342 Deum
381 1288 429 1343 cui
443 1287 543 1344 omnia
556 1287 666 1344 vivunt
678 1286 806 1344 fideliter
822 1285 1020 1362 deprecemur,
1034 1292 1071 1343 ut
1083 1286 1139 1343 hoc
1152 1305 1258 1361 corpus
1271 1285 1332 1342 cari

129 1381 224 1437 nostri
237 1382 269 1438 in
283 1383 458 1442 infirmitate
475 1385 624 1461 sepultum
637 1385 669 1441 in
684 1385 786 1442 ordine
800 1391 970 1442 sanctorum
990 1404 1111 1441 suorum
1124 1383 1287 1453 resuscitet,
1302 1387 1333 1438 et

128 1476 192 1551 ejus
219 1461 357 1554 spiritum
385 1484 494 1540 sanctis
518 1489 549 1540 et
573 1483 708 1540 fidelibus
732 1483 793 1540 suis
817 1483 970 1559 aggregari
992 1482 1105 1558 jubeat,
1131 1502 1199 1539 cum
1223 1480 1331 1556 quibus

129 1576 321 1634 inenarrabili
348 1581 441 1655 gloria
465 1587 495 1637 et
518 1582 641 1656 perenni
663 1581 804 1638 felicitate
825 1581 939 1657 perfrui
956 1586 1111 1641 mereatur.
1166 1580 1331 1636 Praestante

128 1673 258 1732 Domino
272 1683 372 1734 nostro
386 1679 407 1736 J
409 1699 460 1736 esu
475 1679 601 1736 Christo.
644 1679 704 1748 Qui
718 1699 786 1736 cum
799 1679 896 1738 Patre.

187 1773 247 1830 Hic
270 1784 348 1848 ropct
370 1795 453 1833 orare
470 1795 578 1851 proco
600 1785 625 1832 ct
642 1796 700 1850 pro
722 1774 857 1834 coraibus
879 1775 1092 1850 quiescentibus
1112 1775 1145 1832 in
1167 1772 1328 1833 coenwterio.

128 1869 268 1927 Pscclmus
282 1870 420 1950 (cacia),
437 1873 483 1930 De
497 1872 659 1948 profundis,

47 1951 50 1957 ’
189 1968 285 2044 Kyrie
299 1970 424 2046 eleyson.
469 1969 586 2027 Christe
600 1970 725 2046 eleyson.
770 1971 867 2047 Kyrie
880 1971 1007 2047 eleyson.

189 2065 281 2124 Pater
294 2075 401 2140 noster,
417 2068 479 2125 siae
492 2077 569 2125 acto.
614 2068 655 2125 Et
670 2089 707 2126 ue
721 2089 781 2128 nos.

190 2164 336 2241 Requiem
351 2171 498 2223 aeternam.

191 2261 285 2319 Credo
299 2263 406 2320 videre.

189 2358 221 2413 A
234 2365 320 2434 porta
334 2361 429 2417 inferi.

190 2455 338 2514 Dominus
351 2459 510 2517 vobiscum.
555 2459 687 2517 Oremus

189 2550 310 2608 Partem
338 2555 431 2613 beatae
459 2557 679 2614 resurrectionis
707 2558 849 2629 obtineat,
874 2555 1027 2631 vitamque
1055 2559 1197 2612 aeternam
1224 2554 1333 2612 habere

130 2656 279 2705 mereatur
290 2649 419 2723 incaelis,
435 2655 494 2711 Per
503 2670 542 2727 te,
557 2656 579 2713 J
581 2675 632 2712 esu
644 2655 770 2726 Christe,
782 2655 912 2712 salvator
925 2652 1037 2711 mundi.
1082 2653 1142 2722 Qui
1152 2672 1221 2710 cum
1232 2652 1332 2712 Patre.

191 2748 324 2806 Oremus

190 2845 332 2918 Absolve,
348 2866 524 2922 quaesumus,
541 2848 677 2921 Domine,
699 2850 829 2908 animem
851 2850 956 2908 famuli
978 2850 1026 2907 tui
1047 2845 1084 2906 ab
1106 2848 1189 2904 omni
1212 2847 1333 2905 vinculo

129 2943 313 3017 ‹lelictoruni,
328 2950 363 3000 ut
376 2945 409 3001 in
422 2946 645 3003 resurrectionis
661 2946 755 3023 gloria
768 2949 848 3006 inter
864 2954 980 3007 sanctos
994 2953 1025 3006 et
1038 2947 1145 3005 electos
1159 2951 1227 3003 tuos
1240 2964 1334 3003 resus-

128 3043 237 3099 citatus
251 3043 382 3118 respiret.
426 3044 485 3101 Per
500 3042 651 3101 Christum
666 3045 837 3104 Dominum.

192 3140 326 3197 Cremus.

190 3236 280 3309 Deus,
310 3239 395 3314 cujus
424 3239 613 3297 miseratione
636 3240 743 3298 animae
770 3241 904 3298 fidelium
931 3240 1129 3316 requiescunt,
1155 3239 1276 3298 famulis
1302 3245 1333 3298 et

129 3333 294 3390 famulabus
315 3335 376 3393 tuis
396 3337 533 3393 omnibus
551 3336 600 3394 hic
620 3343 651 3394 et
671 3338 781 3414 ubique
795 3339 828 3395 in
843 3338 961 3396 Christo
974 3337 1201 3414 quiescentibus,
1217 3337 1255 3395 da
1268 3356 1334 3414 pro-

130 3431 223 3506 pitius
237 3431 355 3489 veniam
368 3441 562 3508 peecatorum,
577 3440 612 3492 nt
626 3455 644 3492 a
658 3436 773 3494 cunctis
791 3436 922 3493 reatibus
942 3436 1072 3493 absoluti
1084 3441 1184 3494 tecum
1196 3435 1262 3493 sine
1274 3434 1333 3493 fine

129 3529 275 3586 lactentur.
319 3530 378 3586 Per
392 3532 518 3588 eundem
533 3531 686 3590 Christum
701 3534 865 3591 Dominum
878 3539 1022 3592 nostrum.

191 3626 324 3686 Oremus.
369 3628 479 3690 Oratio.

189 3729 339 3787 Fidelium
352 3731 434 3788 Deus
448 3732 582 3789 omnium
599 3732 734 3789 conditor
747 3736 778 3788 et
792 3730 968 3807 redemptor,
984 3729 1139 3788 animabus
1153 3728 1332 3786 famulorum

128 3828 364 3905 famularumque
388 3835 509 3889 tuarum
531 3831 733 3890 remissionem
760 3834 934 3887 cunctorum
957 3829 1057 3886 tribue
1080 3832 1276 3903 peccatorum,
1297 3831 1333 3884 ut

128 3926 354 4003 indulgentiam,
384 3948 473 4003 quam
501 3948 617 4005 semper
643 3933 830 4004 optaverunt,
856 3927 915 4004 piis
942 3924 1209 4003 supplicationibus
1235 3942 1333 3982 conse·

129 4029 267 4098 quantur.
312 4024 373 4093 Qui
386 4026 463 4082 vivis
477 4032 508 4083 et
520 4045 634 4102 regnas.

189 4119 303 4179 Anima
327 4123 390 4197 ejus
413 4129 445 4181 et
467 4122 574 4181 animes
595 4121 728 4180 omnium
755 4119 888 4178 fidelium
915 4120 1121 4179 defunctorum
1145 4139 1199 4197 per
1222 4119 1332 4177 miseri-

128 4216 258 4274 cordiam
273 4217 331 4275 Dei
344 4219 377 4276 in
390 4239 460 4296 pace
474 4220 667 4296 requiescant.
710 4215 839 4276 Amen*

245 4410 257 4432 '¹
275 4410 327 4454 The
338 4409 453 4455 Bodleian
463 4409 516 4457 MS.
528 4410 585 4456 herc
595 4409 664 4468 ends,
673 4408 735 4456 with
745 4408 871 4470 “Explicit
880 4408 993 4457 Manuale
1003 4409 1028 4456 iu
1038 4423 1103 4456 mum
1113 4407 1197 4456 Etcr.”
