2850 4800
443 277 532 344 Ordo
554 277 601 342 aoi
624 275 849 343 Visitaudaua
869 275 1068 361 Iafirruara.

315 459 357 517 Et
370 459 449 516 filius
463 458 631 535 iniquitatis
644 477 705 515 non
719 462 850 535 apponat
862 476 968 515 nocere
981 455 1017 514 ei

315 555 463 614 Dominus
477 560 630 612 conservet
643 573 712 611 eum
726 560 756 611 et
769 553 902 610 vivificet
915 571 984 610 eum
998 572 1005 609 ε
1198 612 1200 617 ,

314 652 356 710 Et
376 654 496 709 beatum
516 651 606 708 faciat
626 670 693 708 eum
706 650 840 722 interra,
857 655 888 706 et
900 668 962 705 non
974 647 1076 706 tradat
1093 666 1163 706 eum
1181 646 1215 705 in
1231 646 1362 706 animam

397 747 587 804 inimicorum
600 748 673 822 ejus.

314 845 462 901 Dominus
476 863 560 920 opem
574 843 650 900 ferat
663 842 710 899 illi
723 861 811 917 super
824 842 935 898 lectum
949 841 1059 899 doloris
1073 841 1137 916 ejus
1152 861 1158 900 :

316 939 502 998 Universum
515 944 642 996 stratum
656 939 720 1013 ejus
733 937 858 994 versasti
871 937 904 993 in
916 937 1093 995 infirmitate
1106 937 1177 1013 ejus.

316 1037 390 1094 Esto
403 1037 440 1109 ei,
455 1037 592 1107 Domine,
607 1034 700 1091 turris
713 1033 917 1090 fortitudinis:

318 1134 350 1191 A
364 1133 438 1190 facie
452 1133 574 1190 inimici.

315 1228 444 1286 Domine
458 1229 540 1286 Deus
554 1228 712 1298 virtutum,
728 1233 868 1285 converte
881 1246 943 1287 nos.

319 1326 362 1384 Et
376 1326 496 1384 ostende
509 1325 741 1382 misericordium
754 1329 848 1395 tuem,
863 1330 894 1381 et
907 1323 984 1381 salvi
996 1323 1114 1382 erimus.

320 1423 458 1494 Domine,
475 1421 584 1479 exaudi
597 1421 762 1478 emtionem
777 1440 894 1478 meam:

320 1521 361 1579 Et
374 1522 484 1579 clamor
497 1540 579 1578 meus
593 1520 631 1577 ad
644 1525 675 1577 te
688 1519 796 1577 veniat.

320 1617 467 1676 Dominus
481 1617 642 1674 vobiscum.
683 1615 724 1673 Et
737 1635 806 1674 cum
819 1615 928 1692 spiritu
941 1621 1002 1674 tuo.

221 1749 355 1805 Oremus.
404 1747 511 1805 Oratio.

220 1844 348 1901 Domine
372 1844 465 1915 Deus,
480 1843 532 1918 qui
555 1862 608 1918 per
631 1843 797 1918 apostolum
810 1848 898 1901 tuum
911 1843 933 1901 J
934 1844 1059 1901 acobnm
1071 1843 1189 1901 locutus
1202 1861 1234 1900 es
1247 1841 1363 1901 dicens:

160 1942 336 2000 Infirmatur
356 1940 423 2017 quis
443 1959 481 1997 ex
502 1940 595 2012 vobis,
609 1940 733 1998 inducat
751 1941 938 2017 presbyteros
958 1940 1106 2005 Ecclesiae.
1127 1945 1159 1998 et
1178 1944 1265 1998 orent
1278 1958 1367 2018 super

161 2058 236 2108 eum,
247 2042 392 2113 ungentes
403 2057 471 2094 eum
485 2037 549 2096 oleo
563 2043 664 2094 sancto
678 2038 711 2094 in
723 2038 845 2095 nomine
855 2038 986 2110 Domini,
1003 2043 1034 2096 et
1047 2037 1142 2095 oratio
1155 2037 1226 2095 fidei
1238 2035 1368 2094 salvabit

160 2135 321 2207 infirmum,
335 2140 366 2191 et
386 2134 528 2192 allevabit
548 2153 617 2191 eum
637 2133 794 2207 Dominus,
816 2141 847 2192 et
867 2135 946 2192 siin
966 2134 1095 2211 peccatis
1110 2134 1160 2206 sit,
1171 2125 1367 2191 ⁸dimittentur

161 2233 210 2306 ci,
229 2252 308 2304 cura,
323 2251 500 2309 quaesumus,
515 2231 684 2306 redemptor
697 2236 806 2303 noster,
822 2232 919 2308 gretia
939 2231 1042 2289 Sancti
1062 2230 1192 2308 Spiritus
1212 2229 1368 2308 languores

161 2328 248 2387 istius
271 2328 385 2386 infirmi
408 2328 508 2386 fratris
533 2327 629 2384 nostri
652 2326 703 2397 N,
725 2332 756 2384 et
778 2346 831 2384 sua
859 2347 930 2385 sana
953 2327 1085 2399 vvrlnera,
1107 2327 1229 2403 ejusque
1249 2325 1368 2383 dimitte

162 2430 281 2501 peccata
293 2430 383 2501 atque
397 2424 512 2482 dolores
524 2427 645 2480 cunctos
659 2422 754 2480 cordis
768 2427 799 2480 et
812 2422 941 2498 corporis
955 2423 993 2480 ab
1007 2442 1041 2481 eo
1054 2423 1177 2499 expelle,
1191 2422 1369 2500 plenamque

162 2521 191 2579 oi
213 2521 340 2578 interius
367 2521 557 2597 exteriusque
584 2519 743 2576 sanitatem
767 2518 891 2576 restitue
902 2538 912 2591 3
939 2523 976 2576 ut
997 2537 1052 2594 ope
1075 2517 1282 2577 misericordia)
1308 2523 1369 2576 tue

163 2624 284 2676 sanatus
298 2614 943 2694 adpristinapietatistuaerepareturofficia
977 2613 1369 2673 PerChristurnDominum

164 2721 307 2777 nostrum.
350 2713 458 2771 Amen.

226 2826 359 2882 Oremus.
403 2823 512 2882 Oratio.

227 2922 422 2997 Omnipotens
442 2921 618 2997 sempiterne
632 2921 725 2994 Deus,
740 2921 794 2997 qui
809 2920 949 2979 subvenis
963 2920 996 2978 in
1008 2919 1146 2996 periculis
1159 2925 1191 2978 et
1203 2919 1236 2978 in
1249 2919 1376 2991 notationi-⁸

164 3024 229 3078 tate
251 3017 464 3089 laborantibus,
488 3018 674 3093 majestatem
695 3023 780 3075 tuam
806 3016 979 3092 suppliciter
1001 3035 1166 3089 exoramus,
1187 3021 1225 3074 ut
1251 3015 1371 3077 mittero

165 3116 295 3194 digneris
320 3121 456 3173 sanctum
482 3114 621 3190 angelum
647 3120 736 3172 tuum
763 3114 955 3190 Raphaelem,
976 3113 1029 3189 qui
1055 3112 1201 3171 famulum
1227 3117 1318 3172 tuum
1337 3111 1371 3171 in

165 3214 310 3292 angristiis
323 3219 354 3270 et
367 3213 400 3270 in
412 3211 638 3270 necessitatibus
651 3212 836 3269 laborantem
856 3211 1106 3269 consolationibus
1119 3209 1249 3285 attollat,
1263 3210 1371 3289 quibus

165 3315 196 3369 et
216 3310 252 3367 de
266 3309 404 3386 praesenti
424 3313 620 3385 consequatur
632 3308 780 3365 auxilium
800 3312 831 3364 et
851 3312 962 3365 aeterna
981 3307 1112 3365 remedia
1131 3305 1369 3384 comprehendat.

166 3405 226 3469 Per
239 3405 392 3463 Christum
406 3404 571 3463 Dominum
583 3409 729 3463 nostrum.
771 3403 880 3462 Amen.

227 3527 362 3585 Oremus.
405 3525 516 3584 Oratio.

225 3624 316 3697 Deus,
332 3623 384 3700 qui
393 3623 505 3680 famulo
518 3629 571 3680 tuo
586 3621 719 3680 Ezechiae
728 3627 776 3680 ter
789 3621 897 3699 quinos
910 3640 1003 3680 annos
1016 3622 1055 3679 ad
1068 3621 1164 3680 vitam
1177 3621 1315 3696 donasti3
1328 3622 1371 3681 ita

165 3728 196 3780 et
205 3720 285 3778 hunc
294 3719 440 3777 famulum
453 3724 540 3775 tuum
554 3718 657 3776 alecto
671 3717 856 3794 aegritudinis
865 3723 920 3775 tua
932 3717 1067 3796 potentia
1080 3717 1176 3796 erigat
1184 3717 1223 3776 ad
1233 3716 1368 3778 salutm

166 3819 226 3883 Per
240 3817 393 3877 Christum
407 3815 570 3875 Dominum
588 3819 731 3873 nostrum.
775 3814 883 3874 Amen

226 3939 361 3997 Oremus.
405 3935 516 3994 Oratio.

226 4036 360 4114 Respice,
376 4032 514 4104 Domine,
529 4031 675 4089 famulum
687 4036 776 4090 tuum
788 4032 822 4090 in
834 4032 1009 4092 infirmitate
1029 4032 1078 4092 sui
1090 4031 1221 4110 corporis
1238 4032 1372 4093 laborar-

166 4140 236 4206 tem,
259 4139 291 4191 et
315 4132 445 4190 animam
476 4129 576 4188 refove
601 4148 691 4206 quam
712 4130 819 4188 creasti
829 4149 839 4203 3
872 4136 908 4188 ut
932 4130 1178 4208 castigationibus
1198 4130 1372 4190 emendatur

164 4228 306 4285 continuo
326 4247 357 4286 se
376 4226 488 4285 sentiat
508 4232 562 4285 tua
581 4226 730 4286 medicina
750 4227 905 4288 salvamm.
949 4227 1009 4288 Per
1031 4227 1187 4288 Christum
1206 4225 1373 4290 Dominum

166 4328 308 4383 nostrum
351 4322 459 4382 Amen.
