2850 4800
155 280 197 341 48
448 272 537 339 Ordo
559 271 606 338 ud
629 271 850 339 Visituudum
871 271 1068 358 Infirmuan.

153 456 215 516 tuis
231 455 277 513 vel
288 455 509 513 exsecutoribus
518 455 581 513 tuis
593 455 689 532 ipsam
702 454 797 512 facere
811 473 850 511 ex
862 459 947 531 parte
956 460 1010 512 tua
1023 473 1076 530 pro
1089 454 1154 531 ipse
1166 455 1342 532 paenitentia
1353 479 1360 518 z

154 551 343 627 designando
356 552 454 627 ipsum
467 551 673 628 ekemoeyaoau
684 552 720 610 111
732 550 858 627 medaii.
902 550 936 608 Si
949 557 1049 609 autem
1063 551 1257 626 convalueris,
1271 554 1362 631 paeni·

153 648 281 708 tentiam
304 668 395 724 quam
414 648 472 705 tibi
491 649 644 706 notificavi
660 647 829 725 adimpleas,
849 648 899 706 101
917 648 1029 705 iterum
1049 648 1203 706 humiliter
1223 649 1260 707 de
1281 669 1361 711 11010

65 784 69 789 -
153 748 255 808 redeas
269 747 306 805 ad
320 746 532 804 confessionem
546 746 595 804 vel
614 745 689 802 mihi
709 746 757 803 101
770 746 823 803 alii
835 746 888 822 qui
908 747 966 804 tibi
978 746 1172 805 absolutionis
1184 748 1361 808 beneficium

153 845 187 904 in
200 845 255 901 hac
268 849 353 919 parte
364 843 475 918 dejure
485 842 616 899 conferre
626 842 724 899 valeat
732 848 763 899 et
773 841 880 899 debeat
886 862 895 915 3
913 848 944 900 et
953 843 1079 900 concedo
1089 843 1155 916 tibi,
1167 844 1247 920 quod
1258 864 1360 906 omnes

152 940 346 1018 indulgentiae
361 957 603 1016 quorumcunque
616 937 807 1015 praelatorum
823 938 882 997 tibi
894 958 1036 997 concessa
1049 959 1101 997 seu
1114 940 1359 1019 qualitercunque

152 1037 345 1097 concedendae
359 1055 519 1111 eorumque
539 1033 767 1107 benedictiones,
782 1054 884 1093 omnes
903 1055 988 1111 aquae
1001 1036 1163 1095 benedictae
1177 1039 1359 1115 aspersiones

153 1136 268 1194 devotae
290 1132 418 1210 pectoris
439 1132 494 1203 tui,
510 1131 663 1188 tunsiones
681 1130 777 1187 cordis
797 1130 853 1202 tui,
874 1131 1075 1204 contritiones,
1089 1133 1148 1189 ista
1168 1134 1311 1192 confessio
1328 1139 1364 1193 01

151 1250 253 1291 omnes
276 1230 342 1288 aliae
364 1229 559 1286 confessiones
579 1232 639 1285 tuae
663 1227 787 1300 devotae,
801 1227 901 1284 omnia
918 1228 1043 1303 jejunia,
1065 1229 1263 1302 abstinentiae,
1282 1229 1357 1290 0100-

150 1346 290 1403 mosynae,
304 1325 424 1400 vigiliae,
445 1324 616 1401 disciplinae,
638 1323 785 1381 orationes
806 1329 837 1380 et
856 1324 1107 1400 peregrinationes
1126 1330 1158 1382 01
1178 1327 1279 1384 omnia
1298 1326 1358 1385 slis

151 1421 788 1498 1101100001οοὶπὶ101100100,0101111110
811 1420 890 1478 mala
913 1440 978 1497 quae
1002 1441 1056 1499 pro
1080 1423 1145 1480 Deo
1165 1423 1228 1480 sive
1245 1422 1358 1500 injuste

151 1519 322 1578 sustinuisti
337 1518 385 1575 vel
397 1518 574 1590 sustinebis,
590 1517 692 1575 Passio
713 1517 875 1575 Salvatoris
895 1517 1018 1575 Domini
1037 1519 1134 1576 nostri
1148 1518 1171 1576 J
1172 1538 1224 1576 esu
1245 1519 1358 1579 Christi

151 1616 315 1692 meritaque
341 1616 435 1671 beatae
462 1619 493 1671 et
519 1615 652 1689 gloriosae
676 1613 814 1690 Virginis
842 1613 947 1684 Mariae
971 1619 1003 1672 et
1026 1614 1160 1672 omnium
1187 1622 1357 1676 sanctorum

150 1712 287 1783 aliorum,
301 1729 416 1767 necnon
431 1709 569 1785 suffragia
582 1710 676 1767 totius
691 1709 829 1767 Ecclesiae
842 1716 950 1767 sanctae
962 1709 1121 1768 Catholicae
1134 1711 1240 1769 cedant
1253 1712 1312 1770 tibi
1325 1713 1361 1771 in'

150 1807 354 1865 remissionem
368 1806 493 1863 istorum
508 1811 538 1862 01
552 1806 686 1862 omnium
699 1806 826 1863 aliorum
838 1811 1024 1882 peecatorum
1037 1811 1158 1864 tuorum
1172 1807 1205 1863 in
1218 1814 1360 1884 0110111011-Ι

150 1905 295 1961 tationem
309 1902 483 1959 meritorum
497 1907 528 1958 et
541 1902 777 1959 consecutionem
791 1902 979 1977 praemiorum
993 1908 1179 1960 aeternorum.
1215 1903 1324 1964 Amen.

211 1999 326 2057 Deinde
340 1997 420 2055 dicet
433 1996 574 2055 Sacerdos
586 1996 638 2055 1100
651 1999 736 2056 modo
749 2018 758 2053 :

157 2163 160 2168 ,
210 2096 390 2154 Misereatur
403 2095 451 2152 tui
464 2095 649 2170 omnipotens
661 2095 753 2167 Deus,
767 2094 810 2172 (et
825 2095 958 2153 dimittat
971 2096 1030 2152 tibi
1044 2096 1144 2153 omnia
1156 2103 1277 2172 pecoeta
1289 2104 1353 2173 tua,

148 2193 255 2252 liberet
274 2199 306 2252 te
326 2194 364 2250 ab
384 2193 466 2250 omni
486 2192 573 2264 malo,
594 2198 748 2250 conservet
768 2199 798 2250 et
820 2193 974 2250 confirmet
996 2193 1127 2251 inbono
1150 2199 1182 2251 et
1202 2194 1240 2252 ad
1260 2195 1356 2255 vitam

148 2291 291 2368 perducat
305 2296 455 2348 aeternam.
499 2289 623 2366 Amen.)

209 2387 245 2446 St
258 2388 396 2463 infirmus
415 2385 525 2444 10111111
544 2385 648 2444 babeat
667 2386 854 2462 apostolicam
867 2387 903 2444 de
913 2385 1006 2462 pleae
1023 2386 1201 2446 absolutione
1218 2388 1357 2448 01000111-

148 2484 227 2542 0101ιο
247 2485 381 2543 omnium
399 2492 586 2560 peccatorum
609 2502 731 2541 suorum
757 2482 843 2541 semel
854 2483 889 2540 ire
912 2483 1037 2541 articulo
1060 2484 1162 2543 mortes
1185 2504 1354 2560 0000000001,

148 2586 219 2638 tutte
238 2582 337 2656 primo
361 2581 435 2655 10901
453 2579 594 2639 Sacerdos
617 2581 746 2653 effectum
769 2578 861 2637 10110.
905 2579 1029 2652 Deinde,
1048 2580 1146 2638 0010010
1160 2589 1297 2656 pacata,
1322 2589 1357 2641 111

143 2677 323 2752 preadictum
336 2686 376 2735 est
382 2680 443 2752 fiet
457 2686 555 2734 tamea
567 2676 630 2752 ejus
642 2674 785 2734 absolutio
798 2676 851 2733 sub
865 2675 919 2734 100
922 2674 1029 2751 forma
1041 2696 1051 2734 .·

209 2771 359 2829 Dominus
378 2772 400 2829 J
402 2791 468 2829 esus
489 2772 625 2830 Christus
640 2791 692 2848 pro
713 2791 767 2830 sua
786 2791 893 2849 magna
906 2772 1018 2848 pietate
1037 2778 1069 2830 te
1082 2772 1217 2830 absolvat
1227 2792 1236 2846 3
1257 2779 1289 2832 et
1301 2790 1355 2852 ego

149 2867 327 2924 auctoritate
354 2867 486 2942 ejusdem
508 2866 566 2924 Dei
590 2873 621 2925 et
645 2867 770 2925 Domini
790 2867 888 2924 nostri
910 2866 985 2924 Jesu
1009 2867 1124 2926 christi
1146 2873 1177 2926 01
1200 2862 1354 2927 beatem

148 2964 349 3042 apostolorum
373 2963 459 3022 Petri
481 2970 512 3021 et
536 2964 625 3021 Pauli
648 2970 680 3022 01
699 2965 813 3022 domini
832 2962 930 3023 nostri
948 2965 1051 3022 domni
1070 2965 1110 3023 N.
1136 2966 1240 3024 divina
1258 2967 1355 3044 provi·

149 3062 251 3121 dentia
265 3061 373 3118 summi
386 3060 543 3137 pontificis,
559 3067 590 3118 01
603 3061 716 3119 virtute
736 3061 840 3138 gratiae
853 3061 911 3118 tibi
931 3081 1072 3119 concessae
1086 3067 1117 3120 et
1129 3061 1283 3121 electionis
1295 3082 1354 3141 qus

148 3162 241 3220 mein
255 3167 342 3218 tuum
356 3159 550 3218 confessorem
564 3158 679 3236 elegisti
692 3159 725 3216 in
744 3159 800 3217 hac
814 3164 906 3236 parte
917 3159 993 3216 mihi
1012 3159 1173 3232 commissa,
1188 3158 1353 3219 0110011010

147 3260 186 3316 ab
199 3258 337 3316 omnibus
350 3257 476 3334 peccatis
489 3256 551 3314 tuis
564 3255 601 3314 de
615 3255 722 3331 quibus
742 3255 829 3313 corde
849 3254 995 3312 contritus
1008 3260 1040 3312 et
1053 3275 1103 3313 ore
1116 3256 1191 3313 mibi
1204 3257 1353 3315 0011100010
1369 3280 1372 3285 ·

146 3373 186 3426 00,
201 3361 232 3412 01
245 3356 283 3412 ab
297 3354 433 3412 omnibus
447 3353 513 3411 aliis
526 3351 653 3429 peccatis
662 3351 722 3408 tuis
732 3351 769 3408 de
783 3351 891 3427 quibus
901 3352 928 3409 si
936 3356 998 3408 tuae
1008 3357 1195 3410 occurrerent
1204 3353 1352 3412 memoria

146 3451 281 3510 confiteri
294 3450 385 3508 101100
393 3471 402 3522 3
422 3451 460 3507 ab
474 3449 556 3507 omni
576 3448 719 3506 fractione
739 3454 886 3520 votorum,
900 3453 932 3506 et
945 3449 983 3506 ab
997 3449 1079 3506 omni
1091 3434 1249 3508 omissione
1261 3449 1352 3528 preni-

146 3546 309 3604 tentiarum
335 3546 511 3603 salutarium
544 3544 799 3603 sacramentaliter
825 3545 883 3601 tibi
916 3545 1129 3621 injunctarum,
1150 3551 1189 3604 et.
1205 3546 1244 3603 ab
1270 3536 1352 3605 omni

147 3641 377 3717 transgressione
393 3641 564 3698 divinorum
586 3641 813 3699 mandatorum:
831 3640 947 3717 tibique
964 3642 1090 3700 concedo
1113 3640 1233 3718 plenam
1256 3640 1352 3700 indul·

145 3738 278 3816 gentiam
312 3737 445 3794 omnium
479 3743 666 3813 peecatorum
692 3742 823 3810 tuorum,
851 3738 885 3795 in
915 3745 1061 3817 quantum
1089 3739 1186 3797 clares
1213 3739 1351 3798 Ecclesiae

145 3841 176 3894 et
190 3839 320 3911 potestas
340 3833 454 3891 domini
469 3833 558 3910 Papae
572 3853 603 3891 se
616 3833 791 3891 extendunt.
836 3834 876 3892 Et
890 3835 916 3892 si
935 3835 1127 3893 immiscendo
1140 3839 1171 3892 10
1184 3834 1297 3895 divinis
1309 3835 1351 3894 sio

144 3931 305 3989 innovatus
331 3950 362 3988 es
386 3935 439 3987 aut
466 3948 599 4006 unquam
622 3929 715 4000 luisti,
740 3931 820 4006 quod
843 3930 974 4007 aliquam
997 3937 1100 3989 notam
1123 3931 1351 4009 irregularitatis

144 4027 321 4085 contraxisti
347 4027 396 4084 101
421 4045 536 4103 paenam
561 4025 759 4102 suspensionis
784 4026 936 4084 interdicti
959 4047 1011 4086 seu
1035 4027 1350 4087 excommunicationis

142 4121 303 4196 incurristi,
318 4122 420 4180 eadem
433 4121 608 4180 auctoritate
621 4120 739 4179 1011001
752 4140 881 4194 amoveo,
896 4128 1054 4200 tecumque
1068 4123 1204 4200 dispenso
1214 4129 1245 4183 01
1258 4143 1350 4183 00010-

143 4219 252 4275 mentis
279 4219 416 4276 Ecclesiae
443 4224 475 4275 te
501 4217 636 4275 restituo.
685 4217 726 4275 In
752 4219 871 4277 nomine
898 4218 998 4279 Patris
1021 4226 1053 4279 et
1076 4220 1149 4278 Filii
1168 4227 1200 4281 et
1220 4220 1350 4303 Spiritus

144 4310 153 4367 1
201 4317 253 4374 eti.
296 4314 403 4374 Amen.
