2850 4800
117 276 201 339 108*
475 266 822 335 llanuolcadasam
834 266 988 335 Saritai.

184 438 231 495 l'el
243 435 433 495 sententialiter
446 435 565 491 dicatur
577 434 640 493 cic:

178 518 326 575 Dominus
339 516 428 573 Jesus
442 514 580 572 Christus
594 534 647 591 per
659 534 744 572 susm
763 514 930 591 piissimam
948 514 1203 577 misericodiam
1215 514 1330 577 hahol-

116 606 176 656 ust
220 598 262 653 Et
274 616 328 672 ogo
342 596 521 653 aisctoiitate
534 596 666 671 ejusdem
680 594 805 652 Domini
820 602 853 653 et
864 593 989 653 domini
1007 598 1131 657 summi
1150 598 1331 677 pontifia'ret

117 678 206 735 officii
219 676 294 733 milii
307 676 455 733 commissi
475 684 507 732 et
526 676 638 732 indulti
650 675 800 753 privilegii
814 695 868 753 per
880 676 988 753 ipsum
1008 678 1197 755 pontificem
1213 676 1346 749 enflad,-

117 757 238 817 absoluo
252 768 283 813 te
296 757 333 813 de
346 756 483 813 omnibus
498 756 559 813 tuis
571 756 697 831 moestis
709 756 747 813 de
760 757 869 833 quibus
888 776 942 815 ore
954 758 1124 817 confessus
1137 764 1172 819 et
1185 758 1270 819 cordo
1278 776 1333 817 cca·

117 840 209 897 tritus
222 837 327 895 existis
340 844 371 893 et
391 836 482 893 etism
496 835 615 909 oblitis3
635 842 667 894 et
680 836 712 894 in
730 842 877 914 quantum
889 837 992 895 totius
1007 838 1201 899 universalia
1212 838 1332 899 aaa·

117 918 215 976 claves
228 917 404 987 extendunt,
418 928 449 973 et
462 922 608 992 quantum
616 916 778 975 secundum
786 916 1002 977 auctoritatem
1012 926 1332 999 pmnotalampom

117 1010 170 1055 aut
184 998 285 1068 debeo,
300 1004 331 1053 tc
344 997 463 1053 absolvo
475 1004 507 1053 et
520 1016 636 1072 poenam
648 998 778 1056 remitto.
820 996 861 1054 In
873 998 1002 1057 nominc
1018 998 1138 1061 Patris.

178 1078 249 1135 Alia
264 1077 425 1135 siisolotia.

177 1158 368 1215 Auctoritatis
389 1157 447 1214 Dei
471 1157 685 1234 omnipotentis
710 1164 743 1215 et
761 1159 918 1217 beatorum
940 1158 1036 1219 Petri
1056 1168 1091 1219 et
1114 1162 1212 1221 Pauli
1235 1166 1331 1241 apert·

117 1238 214 1296 lorum
237 1250 268 1294 ct
281 1244 389 1295 sancta
403 1237 546 1294 Romana
567 1238 705 1296 Ecclesia
724 1244 756 1297 et
774 1238 954 1298 auctoritate
973 1240 1103 1300 domini
1124 1240 1331 1303 noouisumni

117 1318 265 1395 pontificis
284 1318 360 1374 mihi
373 1318 406 1373 in
419 1318 475 1375 hac
487 1326 573 1393 parte
596 1320 751 1377 commissa
763 1324 795 1377 et
806 1318 841 1377 in
859 1324 1014 1395 quantum
1036 1322 1152 1399 debeo,
1173 1330 1208 1383 tc
1227 1322 1331 1383 chelm

116 1420 135 1457 a
148 1399 241 1473 paenis
254 1398 312 1455 tibi
324 1399 357 1454 in
370 1398 542 1474 purgatorio
561 1398 671 1457 debitis
689 1405 811 1477 propter
828 1400 931 1477 colpos
943 1404 976 1458 et
997 1402 1139 1463 offensas
1157 1424 1234 1483 quas
1244 1408 1332 1463 conta

117 1479 217 1535 Deum
235 1478 427 1550 commisisti;
450 1485 482 1536 et
504 1480 537 1535 in
561 1486 709 1556 quantum
731 1478 806 1537 mihi
831 1480 1026 1556 permittitur
1047 1488 1082 1541 et
1108 1484 1216 1545 claves
1237 1488 1330 1545 nach

116 1559 221 1615 matris
235 1558 371 1615 Ecclesia·
385 1559 562 1631 extendunt,
576 1560 703 1618 restituo
716 1566 746 1618 te
759 1560 993 1619 illiinnooentiae
1011 1562 1049 1621 in
1061 1582 1132 1641 qua
1145 1584 1216 1625 crea
1227 1564 1331 1645 quanio

116 1640 154 1696 ba
175 1640 283 1695 tizatus
297 1639 389 1696 fuisti.

154 1658 350 1776 pBenedictio
363 1720 422 1777 Dei
437 1719 536 1778 Patris
549 1721 762 1798 omnipotentia
774 1725 806 1779 ct
818 1720 890 1779 Filii
902 1726 935 1779 et
943 1722 1083 1801 spirltua
1098 1726 1215 1787 Sancti
1228 1726 1332 1787 deson·

117 1799 169 1856 ‹lat
182 1806 313 1876 superte
326 1806 358 1857 et
371 1806 490 1858 maneat
503 1820 625 1878 semper.
668 1804 776 1861 Amen

484 2003 658 2061 Seni-mur
678 2001 970 2063 Jsaoomoomu*

178 2146 242 2216 Quo
262 2147 347 2204 ruodo
367 2146 450 2204 honw
469 2146 515 2205 eei
532 2146 640 2205 notitior
658 2145 775 2205 includi
793 2144 898 2204 debeat.
939 2146 1050 2205 Primo
1067 2148 1235 2211 alcoram
1246 2150 1329 2209 Μῐωι

107 2226 215 2303 festive
235 2228 267 2284 ia
287 2227 418 2285 Ecclesia
432 2227 523 2304 juata
542 2247 633 2302 qziam
650 2226 765 2285 includi
784 2226 863 2285 debet
882 2234 992 2303 etpost
1009 2226 1224 2305 anaqeiiam
1241 2230 1331 2307 affati

111 2307 320 2383 professionem
338 2329 426 2365 suam
445 2308 594 2383 scriptam,
608 2316 636 2366 et
655 2308 842 2365 conemuaicct
861 2307 920 2365 loco
939 2324 1003 2379 sao,
1026 2317 1055 2367 ct
1067 2308 1191 2371 induat
1206 2312 1328 2371 haiim

112 2387 288 2462 professioni
307 2408 479 2462 conprensa,
493 2409 577 2463 quem
597 2408 665 2447 cam
683 2387 823 2447 Sacerdos
840 2387 1022 2447 amaeam
1037 2397 1066 2447 a
1083 2410 1177 2467 aqua
1195 2390 1329 2453 modies

114 2488 275 2544 respersam
289 2468 463 2526 includendo
477 2469 596 2539 dederit,
611 2468 690 2526 dieat
703 2468 779 2526 itanc
794 2466 985 2527 Orationem:

176 2549 280 2607 Exuet
301 2555 332 2606 te
355 2548 503 2606 Dominus
524 2556 656 2606 veterem
677 2549 828 2606 hominem
850 2567 918 2606 cum
940 2548 1060 2607 actibus
1079 2552 1159 2625 suis,
1179 2560 1213 2611 et
1231 2552 1327 2611 induat

116 2649 235 2699 norum,
250 2630 302 2705 qui
316 2629 476 2687 secundum
491 2628 589 2686 Deum
606 2635 721 2686 creatus
734 2635 779 2687 est
791 2627 955 2705 injustitia
964 2634 996 2686 ct
1008 2631 1181 2691 sanctitate
1191 2630 1325 2693 veriats

116 2711 224 2767 Amen.

176 2790 282 2847 Finita
305 2799 403 2848 uectem
427 2790 531 2861 llissa,
557 2790 618 2848 siat
637 2789 696 2847 duo
717 2789 823 2865 parati
845 2790 898 2865 qai
917 2789 1059 2848 Litaaias
1077 2812 1189 2853 seriore
1208 2798 1322 2855 cantat

115 2870 255 2929 Sacerdos
278 2891 342 2928 vero
370 2871 423 2945 qai
446 2871 572 2928 Missam
592 2870 770 2928 celebraverit
787 2870 822 2928 ia
839 2869 917 2928 Albo
935 2878 963 2929 et
981 2868 1067 2929 Stolo
1086 2882 1118 2931 et
1140 2874 1232 2951 Oapa
1243 2872 1324 2933 scrico

115 2961 240 3008 istcinest.
283 2952 389 3008 Finita
402 2951 536 3023 Limnaia,
550 2951 676 3026 incipiat
689 2950 749 3026 ipsc
762 2948 902 3009 Sacerdos
918 2950 982 3009 alta
993 2970 1059 3010 voce
1071 2950 1237 3029 hymnam,
1250 2950 1322 3013 Veni

116 3030 245 3088 Creator.
289 3032 329 3087 Et
349 3033 391 3089 sio
411 3040 511 3089 eseam
531 3032 566 3089 ia
584 3031 771 3106 processione,
786 3030 963 3107 precedente
983 3051 1077 3105 mace,
1098 3034 1233 3109 inemo,
1252 3050 1323 3111 aqut

116 3111 262 3168 benedicto
276 3120 302 3168 et
315 3113 413 3169 ceteris
427 3112 650 3189 perlucentibus,
660 3111 911 3188 processionaliter
921 3130 1013 3187 usquo
1026 3114 1070 3171 ad
1081 3112 1191 3175 heum
1239 3114 1322 3191 Hp*

115 3210 208 3264 aeque
232 3191 308 3248 dicto
327 3190 491 3268 incipiatur
503 3191 684 3268 Antiphone,
705 3192 853 3269 Asperges
870 3211 919 3251 me
937 3192 984 3251 eet
1004 3191 1082 3250 Vidi
1105 3214 1231 3272 aquam,
1239 3200 1321 3273 prad

116 3280 227 3345 [strepas
241 3271 367 3345 caeperit.
410 3273 450 3329 Et
463 3273 583 3330 iuterim
596 3272 735 3331 Sacerdos
747 3271 1102 3347 asperpatdomamiatos
1112 3285 1142 3333 et
1154 3284 1240 3335 satra
1250 3292 1321 3353 aqua

116 3350 267 3408 bersedicta.
310 3352 452 3411 Poeticae
466 3353 699 3428 incipiaturisac
712 3353 892 3429 Antiphone.
1235 3358 1238 3364 '
1378 3418 1381 3424 ,

176 3431 313 3504 Domine,
338 3433 376 3489 ad
400 3439 430 3490 te
453 3433 600 3510 dirigatur
627 3434 721 3492 oratio
744 3453 819 3507 mea,
840 3433 918 3491 sicut
937 3432 1092 3492 incensum
1113 3434 1151 3494 in
1171 3438 1319 3515 compecto

115 3512 278 3588 majestatis
292 3519 360 3572 tusc.

175 3593 216 3650 Et
236 3593 343 3651 iterum
363 3594 487 3652 incesset
507 3594 647 3652 Sacerdos
666 3595 787 3652 domum
806 3594 887 3652 intas
905 3602 933 3653 et
952 3602 1043 3653 cetra.
1098 3594 1165 3657 Hic
1176 3592 1319 3673 fiaiwi

114 3671 197 3730 honio
211 3673 254 3730 oei
266 3674 372 3731 acutior
386 3696 450 3749 qua
463 3675 567 3749 iayred
569 3676 579 3731 i
592 3675 669 3733 debet
682 3675 763 3748 sirpo
776 3675 814 3732 sit
833 3683 860 3733 et
880 3674 980 3733 literas
991 3674 1113 3749 meiat,
1126 3676 1320 3757 habeatjam

113 3773 141 3812 sc
155 3754 290 3812 clericum
303 3754 347 3812 oei
359 3755 501 3830 oirpirsem
514 3756 567 3830 qai
577 3776 632 3830 pro
646 3775 677 3813 eo
690 3755 735 3813 oei
747 3775 781 3812 ea
794 3755 919 3831 incipiat
932 3754 1160 3831 Aritipiwrcam:

175 3833 240 3909 Ipsi
254 3855 322 3891 eum
335 3835 510 3911 desponsata
523 3835 572 3892 cui
585 3836 683 3912 angeli
697 3835 840 3909 serviunt,
855 3836 940 3912 cujus
959 3833 1222 3913 pulchritudinem
1234 3838 1278 3899 sol
1293 3840 1319 3897 ct

113 3913 185 3971 luna
198 3915 365 3972 imitantur.
408 3916 515 3972 Amen

173 3995 320 4054 Psaimas.
378 3996 460 4053 Deus
486 3996 669 4070 miscreatur,
699 4003 776 4055 totus
802 3995 941 4054 Psalmas
978 3996 1099 4055 dicatur
1126 4020 1199 4059 cum
1226 3998 1320 4061 olori·

114 4072 207 4131 Patri.

173 4292 189 4322 ⁴
212 4292 265 4349 See
275 4293 326 4350 tho
337 4293 564 4370 corresponding
574 4294 652 4351 form
662 4294 695 4352 in
706 4294 757 4353 the
768 4294 832 4353 Use
842 4294 877 4352 of
889 4294 975 4354 York
984 4294 1080 4356 inthe
1095 4296 1322 4363 “Pontifiulol
1381 4280 1386 4292 Ι

112 4371 301 4449 Archbishop
315 4373 522 4450 Bainbridge,”
533 4376 655 4433 Surtees
669 4375 795 4453 Society,
807 4375 862 4435 Ed.
874 4395 902 4453 p.
920 4376 969 4450 81,
979 4376 1040 4433 and
1049 4396 1090 4451 v.,
1101 4398 1203 4457 capra
1214 4402 1244 4461 p.
1260 4378 1318 4443 ³8⁸.
