2850 4800
1 288 43 348 ‚2⁰
333 276 499 342 Manuale
514 275 678 342 αάιωιωη
691 275 830 345 Serum.

11 448 129 507 solutus.
163 444 311 501 Miserere.
354 441 586 501 ItcmPeolmue.
609 442 691 500 Deus
704 442 874 501 innomine
888 448 953 502 tuo.
995 444 1067 502 Item
1078 443 1151 503 Verte

6 528 105 602 uscipe
122 545 169 582 me
187 524 349 581 secumdum
366 524 516 599 eloquium
534 531 620 579 tuum
638 528 668 579 et
686 523 810 580 vivam:
831 530 867 581 et
884 544 950 582 non
967 524 1152 583 confundam

33 605 252 681 exspectatione
266 623 338 661 mea.
381 604 421 660 Et
435 623 501 679 quie
519 609 563 660 est
580 605 760 678 exspectatio
774 605 864 662 meat
908 605 1022 664 Nonne
1035 604 1152 662 nomina

2 688 38 745 'el
57 688 103 744 sic.
129 685 264 755 Domine,
290 684 364 741 Jesu
388 683 514 755 Christe,
538 684 651 759 suscipe
673 683 806 741 animam
830 703 943 743 meam.
998 686 1078 746 Item.
1100 685 1154 743 Der

4 768 129 843 ropitius
149 772 210 824 esto
231 765 304 821 mihi
325 764 479 840 peccatori,
532 762 606 821 lem
628 764 739 822 Verres.
769 764 811 821 In
831 783 946 824 manus
965 773 1035 825 tuas
1053 765 1156 835 Domni,

1 847 155 905 ornmcndo
186 846 323 921 spiritum
354 863 469 901 meum:
504 844 655 901 redemisti
680 864 735 915 me,
767 843 906 903 Domine
938 847 1024 905 Deus
1048 844 1156 904 veritatis

5 938 59 985 tem
78 929 183 984 l'rrsna.
208 926 324 981 Delicta
333 924 503 999 juventutis
516 943 588 982 meoe
602 930 632 982 et
645 924 830 999 ignorantias
839 944 882 983 ne
898 927 1076 986 memineris.
1110 924 1159 983 lta

13 1028 99 1065 crans.
132 1007 180 1062 Ab
201 1005 321 1061 occrrltis
343 1005 414 1060 meis
434 1005 545 1061 munda
565 1024 620 1076 me,
634 1004 770 1061 Domine.
821 1004 906 1064 Item
927 1008 1039 1067 Verane.
1066 1007 1159 1081 Nepte

8 1089 67 1144 cias
87 1107 142 1153 rue,
167 1086 301 1154 Domine,
323 1086 355 1140 in
375 1092 507 1159 tempore
530 1085 689 1142 senectutis
712 1103 806 1142 meae:
835 1105 912 1143 cum
938 1087 1076 1146 defecerit
1095 1085 1160 1143 rirtn

3 1188 58 1237 nea,
74 1188 111 1223 ne
125 1167 311 1239 derelinquas
324 1184 378 1223 me.

45 1246 201 1304 ‚Sciendum
215 1256 261 1316 ast,
277 1252 308 1302 et
321 1252 415 1302 cotem
428 1250 574 1320 utsupra,
589 1264 616 1319 p.
634 1245 681 1314 54,
696 1264 789 1318 nsque
804 1246 845 1303 od
852 1249 958 1320 fierem
971 1249 1144 1306 rubricante.

87 1472 406 1529 COMMENDATIO
428 1472 588 1528 ANIMAE
609 1472 659 1528 IN
683 1471 916 1533 ARTIOULO
939 1476 1104 1535 MORTIS.

48 1624 121 1682 Cum
137 1646 199 1683 rere
213 1626 315 1683 enimc
328 1627 360 1681 in
373 1626 452 1682 erite
465 1646 514 1682 acer
525 1626 713 1683 dissolutione
724 1629 853 1701 eorporis
869 1631 1050 1705 eieofuerit
1063 1630 1165 1693 lebtrsstt

0 1707 167 1761 ercrrlietnr
189 1707 288 1762 tulizrlo
310 1707 421 1762 spinule
443 1715 468 1762 et
490 1706 603 1777 (ιονὶιθν,
626 1716 652 1763 et
674 1716 743 1762 trine
757 1726 856 1765 orienes
880 1711 986 1769 elerici
1004 1733 1070 1771 cnm
1087 1724 1166 1770 nemun

4 1786 129 1843 elocitrctc
143 1796 306 1856 (irretirent,
323 1795 347 1841 et
361 1788 381 1842 <l
384 1787 460 1843 iceret
472 1811 480 1843 ,-

48 1865 142 1921 Oredo
156 1865 188 1920 in
204 1885 303 1921 unuin.

46 1945 161 2001 Deinde
174 1945 282 2015 eliceret,
297 1946 345 2019 eij.
362 1945 496 2002 Prolatos
506 1945 716 2019 pccrritentioles
730 1965 796 2004 cuna
811 1946 923 2007 Gloria
939 1950 1038 2010 Patri

50 2024 162 2092 Quibus
175 2025 269 2095 (lictis,
284 2025 479 2098 sulp'ereycrtur
492 2025 542 2082 lece
558 2025 741 2102 Capitulum.

49 2103 147 2175 Parce,
161 2105 296 2174 Domine,
309 2125 392 2179 [sterce
407 2106 517 2161 finnulo
531 2112 592 2176 tue,
604 2126 691 2181 quem
704 2106 848 2164 redimere
862 2108 1015 2185 dignatus
1029 2109 1169 2188 espissiae

8 2224 9 2227 ,
27 2185 129 2259 nguine
143 2191 195 2240 tuo
211 2205 217 2240 :
240 2205 278 2240 ne
291 2186 323 2240 in
337 2190 481 2241 aeternum
495 2186 627 2242 irascaris
641 2187 675 2244 ei.

48 2264 111 2320 Hoc
130 2263 302 2337 Capitulum
321 2265 439 2321 dicotur
458 2266 549 2322 tribea
569 2267 677 2323 vicibus
698 2275 758 2323 tam
778 2287 797 2322 a
819 2266 983 2329 Sacerdote
1004 2276 1170 2347 quomatett

1 2353 148 2400 ruvereto:
172 2346 214 2400 ita
236 2353 332 2402 teretes
356 2347 433 2420 pared
456 2344 594 2403 Sacerdos
612 2348 701 2421 prius
724 2347 810 2415 dicet,
836 2357 862 2404 et
889 2362 1055 2411 conventus
1080 2355 1170 2428 repetet

19 2423 101 2481 einde
114 2424 231 2481 dicetur
244 2444 361 2498 septiens
374 2426 497 2481 Literna
510 2426 571 2482 siae
581 2436 651 2483 recto
664 2427 715 2483 doc
730 2427 812 2482 ritorto
824 2451 834 2484 .-

150 2516 249 2586 Pater,
264 2517 300 2572 de
313 2517 390 2573 caelis
405 2518 494 2588 Deus,
511 2517 646 2574 miserere
660 2519 764 2574 animae
778 2518 887 2575 famuli
903 2525 965 2580 tui.

150 2595 210 2651 Fili
224 2596 391 2670 redemptor
404 2598 508 2653 mundi
521 2598 612 2669 Deus,
626 2599 762 2654 miserere
775 2599 876 2656 anima
891 2602 1008 2661 famuli
1023 2605 1080 2662 tui.

150 2675 279 2749 Spiritus
294 2675 399 2732 Sancte
414 2677 503 2748 Deus,
519 2678 654 2735 miserere
667 2679 771 2735 animae
785 2679 894 2736 famuli
910 2685 973 2743 tui.

150 2753 258 2811 Sancta
272 2755 402 2811 Trinitas
415 2775 492 2812 unus
506 2757 595 2827 Beue,
611 2759 753 2815 miserere.

151 2833 257 2890 Sancte
271 2842 440 2892 sanctorum
454 2837 544 2907 Deus,
559 2838 703 2895 miserere.

151 2913 212 2982 Qui
225 2933 255 2970 es
269 2915 366 2971 trinus
380 2921 410 2971 ct
423 2935 500 2972 unus
515 2917 604 2986 Deus,
619 2919 766 2975 miserere.

153 2993 261 3050 Sancta
274 2995 380 3067 Maria,
395 2996 543 3053 intercede
556 3016 609 3071 pro
622 2998 720 3054 anima
734 2998 758 3072 ej
767 3016 807 3054 us.

152 3072 260 3131 Sancta
274 3074 333 3130 Dei
346 3075 489 3150 genetrix,
504 3077 660 3134 intercede.

152 3152 260 3208 Sancta
273 3153 368 3228 Virgo
381 3154 539 3228 virginum,
554 3157 711 3214 intercede.

153 3231 259 3288 Sancte
274 3233 411 3306 Michael,
426 3235 582 3292 intercede.

154 3311 260 3367 Sancte
275 3312 403 3384 Gabriel,
419 3313 574 3370 intercede.

154 3390 259 3447 Sancte
273 3391 415 3466 Raphael,
430 3393 585 3451 intercede.

114 3468 224 3525 Omnes
238 3472 331 3527 sancti
345 3472 455 3547 Augeli
468 3479 499 3529 et
512 3473 700 3550 Archangeli,
714 3473 892 3535 intercedite
904 3497 966 3554 pro
981 3487 1088 3545 anina
1100 3489 1157 3564 ejus

42 3624 44 3628 .
114 3548 224 3605 Omnes
237 3551 331 3607 sancti
344 3551 498 3609 beatorum
513 3553 677 3628 Spirituum
691 3554 824 3629 Ordines,
839 3557 1026 3624 intercedite
1040 3566 1177 3644 proauiae

154 3648 267 3766 Sadidid
274 3709 296 3766 J
298 3709 426 3769 ohannes
440 3712 583 3788 Baptista,
598 3714 753 3771 intercede.

114 3787 224 3846 Omnes
237 3791 331 3845 sancti
345 3791 524 3849 Patriarchae
538 3799 568 3851 et
581 3794 743 3871 Prophetae‚
755 3795 935 3858 intercedite
945 3821 1005 3880 pro
1018 3808 1116 3867 anima
1126 3803 1174 3880 ejnt

153 3869 260 3926 Sancte
274 3869 369 3942 Petre,
384 3871 541 3933 intercede.
1208 3888 1212 3895 “

153 3948 260 4006 Sancte
274 3949 375 4023 Paule,
389 3950 544 4011 intercede.

153 4028 259 4086 Sancte
273 4029 404 4102 Andrea,
420 4032 576 4091 intercede.

151 4107 258 4166 Sancte
272 4110 423 4182 Matthaee,
439 4112 597 4171 intercede.

152 4187 260 4245 Sancte
274 4189 393 4262 Thema,
408 4191 563 4250 intercede.

153 4266 260 4324 Sancte
272 4269 294 4326 J
295 4270 390 4342 acobe,
405 4270 562 4331 intercede.

153 4345 260 4407 Sancte
272 4347 294 4407 J
296 4349 433 4425 ohannes,
448 4350 607 4411 intercede.
