2866 4846
177 312 259 376 116¹
390 308 541 374 Mannal
558 308 667 394 Offices
682 308 779 393 from
793 306 843 373 tta
856 306 1024 395 Hereford
1037 308 1179 377 Misoal.

237 475 349 546 chibns
358 474 519 550 ditiqentnr
530 474 680 549 inquisitis
692 475 848 549 irucrroyct
860 473 1002 533 Sacerdos
1014 474 1116 534 amna
1129 474 1224 537 anon
1237 496 1275 539 aa
1284 476 1392 537 uomitu

215 575 230 614 o
269 576 317 614 so:

172 575 275 693 WN.
299 636 356 692 Vis
377 635 485 693 habero
499 635 576 693 hanc
598 635 763 705 mulierem,
778 641 809 692 ei
822 635 856 691 in
876 633 1042 712 legitimam
1055 655 1189 695 uxorem
1209 638 1354 717 accipere,
1366 646 1391 697 et

175 736 249 788 eam,
265 716 342 773 sicut
357 716 542 773 Christianus
555 716 644 772 homo
658 714 745 772 debet
759 734 896 790 sponsam
910 735 1001 789 suam,
1016 716 1051 773 in
1062 715 1124 775 Dei
1137 718 1201 776 fide
1215 725 1249 777 et
1268 726 1323 779 tue
1334 724 1390 777 tem

174 797 208 855 in
221 796 396 853 infirmitate
410 815 498 871 quam
513 795 546 851 in
560 795 688 852 sanitate
702 795 857 853 custodire.

236 875 300 945 Qno
313 877 509 952 respondente,
525 875 604 932 Volo
615 895 624 947 ;
644 875 695 933 Ιιαα
708 875 807 951 ipsane
819 876 954 951 inqar'nat
966 895 987 933 α
999 876 1147 937 maluere:

235 955 350 1013 Utrum
360 956 434 1012 velit
444 955 594 1012 hominem
602 956 688 1012 illum
696 975 750 1032 pro
760 955 893 1031 legitimo
903 975 1009 1032 sponso
1018 956 1140 1028 habere,
1152 958 1259 1035 quoad
1268 958 1389 1031 vixerit5

172 1041 204 1094 et
217 1035 294 1093 sicut
308 1036 415 1092 mulier
437 1036 606 1093 Christiana
626 1036 869 1112 debelfsponsum
882 1056 978 1110 suum,
991 1036 1027 1093 in
1047 1036 1107 1095 Dei
1128 1038 1193 1097 fide
1205 1044 1240 1097 et
1260 1058 1318 1099 erm
1335 1045 1389 1097 tem

172 1115 206 1174 in
218 1115 394 1174 infirmitate
407 1135 497 1192 quam
510 1116 542 1172 in
560 1116 688 1173 sanitate
702 1116 855 1174 custodire.

236 1196 303 1266 Qua
327 1197 521 1271 respondente,
545 1196 644 1269 V0103
666 1205 736 1255 tanc
757 1198 844 1255 detnr
865 1216 885 1254 a
906 1196 970 1254 oiro
990 1196 1043 1255 dos
1063 1198 1200 1272 mulieri,
1215 1209 1246 1259 et
1262 1209 1388 1277 ponatur
1430 1230 1432 1239 ·

170 1294 258 1351 anper
271 1286 387 1334 scutata
401 1276 445 1333 od
457 1296 543 1351 super
557 1275 666 1334 librans
680 1277 811 1335 annnlns
824 1285 849 1335 et
860 1285 1016 1352 wyentara
1025 1277 1086 1337 siae
1095 1298 1215 1338 aeuum
1227 1300 1284 1339 sca
1296 1290 1386 1349 ααιανα,

164 1356 286 1432 jubente
298 1355 458 1427 Sacerdote,
474 1366 499 1414 et
508 1365 596 1432 pater
608 1356 653 1415 od
659 1358 849 1433 propinquas
862 1356 995 1415 radatis
1011 1358 1142 1434 αααὶρίαι
1156 1380 1236 1429 eam,
1256 1370 1285 1420 et
1298 1362 1388 1421 truta

169 1435 342 1513 dominiper
352 1457 476 1494 marsnae
486 1438 640 1496 dexteram.
686 1438 767 1509 Quae,
778 1438 912 1515 sipneda
923 1446 972 1509 est,
984 1447 1122 1513 apertam
1136 1438 1249 1499 haheat
1262 1462 1386 1511 mnam,

170 1516 276 1574 scilicet
289 1517 496 1593 discoopertam
505 1539 518 1587 ,·
540 1517 567 1575 si
579 1518 673 1575 αιἀαα
686 1526 734 1589 cst,
746 1518 879 1576 aelatann.
911 1518 1009 1588 Quane
1018 1518 1067 1576 air
1079 1519 1210 1596 recipiat
1219 1522 1259 1581 in
1269 1522 1329 1581 Dei
1333 1522 1387 1597 fide

169 1605 196 1653 et
209 1616 266 1654 saa
281 1597 458 1655 servandam
471 1618 577 1655 sanam
591 1607 618 1655 ct
631 1598 792 1673 infirmae,
807 1607 834 1657 ct
848 1607 941 1656 teneat
953 1618 1019 1656 eam
1029 1618 1086 1676 per
1098 1618 1235 1661 manum
1248 1603 1387 1663 ἅαωιανααι

170 1676 205 1735 n'n
218 1697 274 1735 saa
287 1697 383 1735 mann
397 1679 522 1751 dentera,
537 1687 563 1735 et
578 1678 658 1735 dicat
671 1679 705 1735 in
718 1688 853 1737 materna
867 1678 980 1753 lincea,
995 1678 1154 1739 Sacerdote
1170 1680 1314 1743 docente:

233 1757 260 1830 I,
276 1758 315 1815 N.
335 1758 520 1834 underfynge
537 1777 575 1833 ye
595 1759 635 1815 N.
652 1759 698 1816 for
715 1778 767 1835 my
780 1759 915 1817 vvedded
932 1758 1014 1834 vvyf,
1028 1759 1077 1817 for
1096 1760 1204 1819 bebere
1217 1762 1270 1820 for
1283 1782 1387 1833 worse,

172 1838 219 1896 for
238 1838 335 1896 richer
348 1839 394 1897 for
414 1858 507 1915 parer,
521 1858 562 1913 yn
583 1839 742 1896 seirenes&
764 1859 806 1914 yn
823 1839 916 1916 helye,
932 1839 978 1915 tyl
998 1839 1057 1915 dey
1070 1858 1107 1897 us
1119 1840 1260 1919 deporto,
1274 1862 1308 1901 aa
1327 1842 1388 1919 holy

172 1919 300 1977 churche
313 1920 372 1994 hay
387 1919 542 1994 ordeyned,
559 1920 583 1976 δι
597 1925 681 1994 yerto
695 1940 715 1995 y
728 1919 839 1999 plygth
852 1939 889 1995 ye
904 1939 953 1994 my
967 1924 1101 1995 trovvye.

233 2000 273 2056 Et
286 2000 394 2057 iterans
408 2000 534 2074 accipiat
547 2019 612 2056 eane
620 2020 676 2075 per
688 2020 813 2060 raanan.
833 1999 1027 2058 declarantia
1039 2018 1137 2059 maaet
1151 2020 1211 2061 aaa
1226 2003 1390 2078 denum

172 2080 240 2157 insa
253 2081 342 2151 diceet,
358 2079 508 2138 Sacerdote
522 2079 636 2137 docente
649 2104 658 2139 :

232 2159 259 2231 I,
282 2160 321 2219 N.
342 2160 525 2235 underiynge
548 2180 585 2236 ye
605 2160 644 2217 N.
667 2160 713 2217 for
732 2180 784 2236 my
804 2160 937 2218 vvedded
956 2159 1135 2219 housbunde
1156 2160 1205 2221 for
1225 2162 1333 2225 betete
1349 2164 1391 2223 for

172 2259 284 2312 worse,
301 2242 345 2298 for
365 2241 462 2297 richer
474 2241 520 2297 for
540 2259 634 2316 parer,
649 2260 691 2315 yn
705 2241 879 2298 scheneesir
899 2241 932 2297 in
945 2239 1040 2316 helye,
1055 2246 1088 2299 to
1108 2241 1149 2299 be
1170 2242 1293 2303 boxum
1305 2250 1392 2321 toye,
1430 2250 1432 2277 ²

172 2319 218 2396 tyl
238 2320 295 2396 dey
309 2341 344 2378 us
366 2322 494 2397 departe,
510 2340 542 2377 as
563 2320 634 2396 holy
647 2320 774 2378 churche
794 2321 854 2396 hay
867 2320 1023 2397 ordeyned,
1037 2320 1063 2379 it
1082 2328 1174 2397 yerto
1187 2343 1210 2401 y
1223 2324 1342 2407 plygth
1359 2342 1393 2403 ye

176 2420 228 2477 my
241 2407 376 2477 trovvye.

238 2481 307 2539 Post
321 2482 380 2539 liceo
394 2481 473 2539 dicat
493 2480 632 2539 Sacerdos
647 2502 656 2538 :

235 2561 349 2619 Mando
362 2562 445 2619 Deus
458 2562 568 2618 virtuti
581 2568 650 2633 tuse,
665 2570 691 2619 αι
705 2570 796 2620 cetera
809 2570 844 2619 at
858 2581 961 2638 antra,
976 2581 1003 2638 p.
1021 2562 1069 2621 28.

236 2643 339 2700 Gloria
352 2643 445 2700 Patri.
489 2643 573 2700 Sicut
587 2648 659 2702 erat.

237 2723 334 2799 Kyrie
348 2724 474 2799 eleyson.
518 2722 636 2780 Christe
649 2722 775 2798 eleyson.
820 2722 917 2798 Kyrie
931 2721 1060 2797 eleyson.

238 2804 451 2862 Benedicamus
465 2803 587 2860 Patrem
601 2810 631 2860 et
646 2802 758 2860 Filium
772 2823 841 2860 cum
855 2805 963 2861 Sancto
978 2802 1095 2879 Spiritu
1111 2823 1117 2860 :

280 2885 449 2941 Laudemus
464 2891 494 2941 et
508 2883 763 2960 superexaltemus
777 2903 846 2941 eum
859 2884 892 2940 in
905 2883 1018 2941 saecula.

178 3127 228 3177 ιαν
248 3120 283 3177 r‘n
306 3118 452 3176 dexteram
466 3137 588 3175 ncanrnn
603 3118 661 3175 oiri
680 3137 833 3193 persuasu
855 3119 1010 3190 dexterata,
1026 3125 1172 3193 apertam,
1186 3118 1216 3177 si
1240 3121 1328 3201 virpo
1340 3134 1379 3189 aa
1386 3146 1397 3195 ,-

181 3201 207 3260 oi
220 3200 313 3260 nanu
327 3208 374 3270 est,
390 3208 550 3273 coopertura
560 3220 573 3268 ,·
595 3207 621 3256 ct
634 3199 714 3256 dicat
727 3197 787 3256 doec
799 3198 884 3257 rerba
894 3222 904 3257 .·

244 3281 335 3356 “Ego
349 3279 459 3354 accipio
472 3285 502 3336 te
517 3279 549 3335 in
563 3298 660 3336 meam
674 3297 817 3355 sponsam.

244 3365 262 3392 “
273 3361 315 3417 Ni
327 3359 382 3416 ida
395 3359 585 3434 respondeat:

245 3439 394 3517 “Accipio
406 3446 437 3497 to
451 3440 484 3496 in
498 3460 596 3497 meum
610 3458 757 3516 sponsum.

242 3528 259 3556 “
269 3523 340 3579 Haec
355 3521 439 3579 naba
452 3521 603 3596 manifeste
616 3521 757 3578 dicantar
770 3518 805 3577 e'n
819 3527 953 3577 αιαιαναα
966 3518 1081 3594 linqua,
1095 3530 1131 3579 nt
1145 3526 1311 3601 sequimur:

244 3608 262 3638 “
273 3603 300 3676 I,
310 3601 350 3660 N.
363 3602 433 3659 take
447 3622 483 3677 ye
492 3601 531 3659 N.
543 3607 574 3659 ιο
588 3606 639 3676 my
648 3600 770 3658 wedded
783 3601 869 3675 wyse,
878 3599 924 3657 for
936 3599 1023 3672 betir,
1037 3600 1085 3657 for
1095 3620 1193 3663 worse
1203 3624 1215 3679 3
1236 3608 1289 3667 for
1297 3608 1391 3679 richer,

180 3684 227 3743 for
240 3704 327 3762 porer
339 3703 347 3754 ;
369 3683 402 3739 in
415 3684 558 3754 sekeness‚
574 3681 633 3738 and
648 3681 679 3737 in
692 3679 758 3738 hele
769 3700 778 3753 3
797 3680 846 3737 till
859 3679 932 3738 deth
942 3698 977 3737 us
990 3680 1121 3757 deperite,
1132 3702 1169 3743 as
1182 3685 1262 3765 hely
1275 3688 1390 3749 charcha

181 3767 256 3824 hath
271 3763 425 3840 orcley'ned,
441 3763 500 3820 and
513 3782 566 3838 yer
579 3769 611 3819 to
626 3761 643 3818 I
658 3761 784 3840 ply'gihe
797 3770 849 3836 my
861 3760 999 3819 irowthe.

246 3847 309 3902 “Et
322 3847 427 3903 iterant
447 3844 572 3919 accipiat
590 3862 655 3901 carn
670 3841 775 3899 madia
787 3861 843 3917 per
864 3861 988 3899 ntanara
1001 3841 1150 3902 denterm
1170 3844 1208 3905 in
1229 3866 1330 3909 manu
1344 3864 1389 3909 sua

183 3927 307 3998 dextera,
324 3935 350 3983 ct
361 3926 448 3998 dicat,
462 3923 614 3982 Sacerdote
628 3924 741 3981 docente
751 3946 761 3981 :

246 4011 263 4041 “
273 4007 299 4080 I,
316 4007 357 4064 N.
370 4005 441 4063 take
454 4024 491 4080 ye
506 4004 544 4061 N
561 4011 592 4061 to
613 4011 664 4079 my
677 4003 799 4060 wedded
808 4002 966 4075 hosbonde,
983 4001 1028 4060 for
1042 4002 1130 4077 betis,
1145 4002 1195 4063 for
1214 4026 1335 4083 worse,
1352 4008 1391 4065 ior

181 4088 279 4147 richer
292 4088 338 4145 for
358 4106 464 4163 porer;
495 4085 528 4141 in
542 4084 672 4156 sekenes,
688 4083 795 4141 andin
815 4083 899 4155 hele;
920 4089 953 4141 to
965 4083 1003 4141 be
1022 4083 1139 4141 buxum
1152 4091 1188 4144 to
1199 4106 1251 4163 ye,
1266 4090 1318 4148 till
1329 4086 1390 4147 deth

182 4189 218 4229 us
239 4169 369 4244 departe,
385 4187 417 4224 as
438 4166 509 4242 holy
524 4165 652 4223 churche
673 4164 749 4241 haye
770 4164 839 4221 orde
840 4164 927 4240 yned,
943 4162 1003 4221 and
1021 4183 1075 4240 yer
1088 4164 1154 4223 t01
1169 4166 1287 4249 plygth
1299 4188 1337 4247 ye
1348 4174 1391 4243 my

183 4249 319 4308 irowthe.

243 4335 260 4363 “
278 4330 366 4388 Verba
393 4326 619 4386 secrantentalia
640 4334 710 4387 sant
730 4325 810 4385 ista:
832 4332 902 4383 ιαηα
928 4324 1008 4384 ditat
1027 4322 1178 4401 Sacerdos,
1207 4326 1265 4391 leae
1292 4328 1388 4389 modo:

182 4410 305 4482 Mando,
320 4419 345 4468 et
359 4408 474 4467 cetera.''
