<?xml version="1.0" encoding="UTF-8"?>
<!DOCTYPE html PUBLIC "-//W3C//DTD XHTML 1.0 Transitional//EN"
    "http://www.w3.org/TR/xhtml1/DTD/xhtml1-transitional.dtd">
<html xmlns="http://www.w3.org/1999/xhtml" xml:lang="en" lang="en">
 <head>
  <title>
</title>
<meta http-equiv="Content-Type" content="text/html;charset=utf-8" />
  <meta name='ocr-system' content='tesseract 3.04.00' />
  <meta name='ocr-capabilities' content='ocr_page ocr_carea ocr_par ocr_line ocrx_word'/>
</head>
<body>
  <div class='ocr_page' id='page_1' title='image "./manualeetproces00churgoog_0139.png"; bbox 0 0 2850 4800; ppageno 0'>
   <div class='ocr_carea' id='block_1_1' title="bbox 148 283 976 353">
    <p class='ocr_par' dir='ltr' id='par_1_1' title="bbox 148 283 976 353">
     <span class='ocr_line' id='line_1_1' title="bbox 148 283 976 353; baseline -0.001 -2"><span class='ocrx_word' id='word_1_1' title='bbox 148 290 212 353; x_wconf 77' lang='lat'><strong>104</strong></span> <span class='ocrx_word' id='word_1_2' title='bbox 441 317 443 320; x_wconf 95' lang='lat'>·</span> <span class='ocrx_word' id='word_1_3' title='bbox 524 284 773 352; x_wconf 77' lang='lat' dir='ltr'><strong>Benedictiones</strong></span> <span class='ocrx_word' id='word_1_4' title='bbox 797 283 976 352; x_wconf 63' lang='lat' dir='ltr'><strong>semron.</strong></span> 
     </span>
    </p>
   </div>
   <div class='ocr_carea' id='block_1_2' title="bbox 135 466 1349 1696">
    <p class='ocr_par' dir='ltr' id='par_1_2' title="bbox 135 466 1349 1696">
     <span class='ocr_line' id='line_1_2' title="bbox 206 466 754 527; baseline 0.002 -1"><span class='ocrx_word' id='word_1_5' title='bbox 206 469 319 527; x_wconf 79' lang='lat' dir='ltr'><strong>Deinde</strong></span> <span class='ocrx_word' id='word_1_6' title='bbox 333 469 433 527; x_wconf 79' lang='lat' dir='ltr'><strong>tradet</strong></span> <span class='ocrx_word' id='word_1_7' title='bbox 447 467 473 527; x_wconf 79' lang='lat' dir='ltr'><strong>ei</strong></span> <span class='ocrx_word' id='word_1_8' title='bbox 487 468 622 527; x_wconf 79' lang='lat' dir='ltr'><strong>baculum</strong></span> <span class='ocrx_word' id='word_1_9' title='bbox 635 466 754 527; x_wconf 70' lang='lat' dir='ltr'><strong>dimne:</strong></span> 
     </span>
     <span class='ocr_line' id='line_1_3' title="bbox 207 551 1349 642; baseline -0.002 -18"><span class='ocrx_word' id='word_1_10' title='bbox 207 566 266 624; x_wconf 90' lang='lat' dir='ltr'><strong>Per</strong></span> <span class='ocrx_word' id='word_1_11' title='bbox 287 567 367 625; x_wconf 89' lang='lat' dir='ltr'><strong>huno</strong></span> <span class='ocrx_word' id='word_1_12' title='bbox 387 566 527 624; x_wconf 87' lang='lat' dir='ltr'><strong>baculum</strong></span> <span class='ocrx_word' id='word_1_13' title='bbox 549 564 932 642; x_wconf 77' lang='lat' dir='ltr'><strong>accipiasbenedictionem</strong></span> <span class='ocrx_word' id='word_1_14' title='bbox 954 567 985 622; x_wconf 88' lang='lat' dir='ltr'><strong>et</strong></span> <span class='ocrx_word' id='word_1_15' title='bbox 1004 551 1237 622; x_wconf 83' lang='lat' dir='ltr'><strong>misericordiam</strong></span> <span class='ocrx_word' id='word_1_16' title='bbox 1250 581 1269 620; x_wconf 87' lang='lat' dir='ltr'><strong>a</strong></span> <span class='ocrx_word' id='word_1_17' title='bbox 1282 563 1349 622; x_wconf 91' lang='lat' dir='ltr'><strong>Deo</strong></span> 
     </span>
     <span class='ocr_line' id='line_1_4' title="bbox 146 661 548 732; baseline -0.002 -11"><span class='ocrx_word' id='word_1_18' title='bbox 146 661 271 721; x_wconf 81' lang='lat' dir='ltr'><strong>salutari</strong></span> <span class='ocrx_word' id='word_1_19' title='bbox 283 668 343 719; x_wconf 91' lang='lat' dir='ltr'><strong>tuo.</strong></span> <span class='ocrx_word' id='word_1_20' title='bbox 388 662 448 732; x_wconf 77' lang='lat' dir='ltr'><strong>Qui</strong></span> <span class='ocrx_word' id='word_1_21' title='bbox 461 662 548 721; x_wconf 73' lang='lat' dir='ltr'><strong>vivit.</strong></span> 
     </span>
     <span class='ocr_line' id='line_1_5' title="bbox 207 759 799 838; baseline 0 -21"><span class='ocrx_word' id='word_1_22' title='bbox 207 761 352 818; x_wconf 80' lang='lat' dir='ltr'><strong>Pcelncus.</strong></span> <span class='ocrx_word' id='word_1_23' title='bbox 395 761 479 818; x_wconf 91' lang='lat' dir='ltr'><strong>Deus</strong></span> <span class='ocrx_word' id='word_1_24' title='bbox 492 760 669 818; x_wconf 88' lang='lat' dir='ltr'><strong>misereatur</strong></span> <span class='ocrx_word' id='word_1_25' title='bbox 680 759 799 838; x_wconf 76' lang='lat' dir='ltr'><strong>(lunii.)</strong></span> 
     </span>
     <span class='ocr_line' id='line_1_6' title="bbox 207 856 810 935; baseline 0.002 -20"><span class='ocrx_word' id='word_1_26' title='bbox 207 857 354 915; x_wconf 74' lang='lat' dir='ltr'><strong>Psubaus.</strong></span> <span class='ocrx_word' id='word_1_27' title='bbox 397 858 486 914; x_wconf 85' lang='lat' dir='ltr'><strong>Beati</strong></span> <span class='ocrx_word' id='word_1_28' title='bbox 498 858 682 915; x_wconf 86' lang='lat' dir='ltr'><strong>immaculati</strong></span> <span class='ocrx_word' id='word_1_29' title='bbox 697 856 810 935; x_wconf 72' lang='lat' dir='ltr'><strong>(cxix.)</strong></span> 
     </span>
     <span class='ocr_line' id='line_1_7' title="bbox 207 953 1207 1031; baseline -0.002 -19"><span class='ocrx_word' id='word_1_30' title='bbox 207 954 353 1013; x_wconf 79' lang='lat' dir='ltr'><strong>Peebmus.</strong></span> <span class='ocrx_word' id='word_1_31' title='bbox 397 954 577 1013; x_wconf 73' lang='lat' dir='ltr'><strong>Benedictus</strong></span> <span class='ocrx_word' id='word_1_32' title='bbox 590 953 738 1012; x_wconf 78' lang='lat' dir='ltr'><strong>Dominus</strong></span> <span class='ocrx_word' id='word_1_33' title='bbox 751 954 834 1011; x_wconf 90' lang='lat' dir='ltr'><strong>Deus</strong></span> <span class='ocrx_word' id='word_1_34' title='bbox 848 953 941 1012; x_wconf 86' lang='lat' dir='ltr'><strong>Israel</strong></span> <span class='ocrx_word' id='word_1_35' title='bbox 954 953 1002 1031; x_wconf 76' lang='lat' dir='ltr'><strong>(S.</strong></span> <span class='ocrx_word' id='word_1_36' title='bbox 1018 953 1089 1012; x_wconf 76' lang='lat' dir='ltr'><strong>Isse.</strong></span> <span class='ocrx_word' id='word_1_37' title='bbox 1105 953 1125 1012; x_wconf 84' lang='lat' dir='ltr'><strong>c&#39;.</strong></span> <span class='ocrx_word' id='word_1_38' title='bbox 1143 953 1207 1030; x_wconf 85' lang='grc'><strong>68)</strong></span> 
     </span>
     <span class='ocr_line' id='line_1_8' title="bbox 210 1037 420 1110; baseline 0 0"><span class='ocrx_word' id='word_1_39' title='bbox 210 1052 313 1110; x_wconf 79' lang='lat' dir='ltr'>Gloria</span> <span class='ocrx_word' id='word_1_40' title='bbox 326 1037 420 1110; x_wconf 74' lang='lat' dir='ltr'><strong>Patri</strong></span> 
     </span>
     <span class='ocr_line' id='line_1_9' title="bbox 135 1149 1031 1227; baseline 0 -19"><span class='ocrx_word' id='word_1_41' title='bbox 135 1186 139 1195; x_wconf 90' lang='lat'><strong>.</strong></span> <span class='ocrx_word' id='word_1_42' title='bbox 209 1151 306 1227; x_wconf 89' lang='lat' dir='ltr'><strong>Kyrie</strong></span> <span class='ocrx_word' id='word_1_43' title='bbox 320 1151 447 1227; x_wconf 84' lang='lat' dir='ltr'><strong>eleyson.</strong></span> <span class='ocrx_word' id='word_1_44' title='bbox 490 1149 608 1208; x_wconf 76' lang='lat' dir='ltr'>Christe</span> <span class='ocrx_word' id='word_1_45' title='bbox 622 1149 749 1227; x_wconf 82' lang='lat' dir='ltr'><strong>eleyson.</strong></span> <span class='ocrx_word' id='word_1_46' title='bbox 793 1149 890 1226; x_wconf 86' lang='lat' dir='ltr'><strong>Kyrie</strong></span> <span class='ocrx_word' id='word_1_47' title='bbox 904 1150 1031 1227; x_wconf 84' lang='lat' dir='ltr'><strong>eleyson.</strong></span> 
     </span>
     <span class='ocr_line' id='line_1_10' title="bbox 208 1247 849 1306; baseline -0.002 0"><span class='ocrx_word' id='word_1_48' title='bbox 208 1248 300 1306; x_wconf 85' lang='lat' dir='ltr'><strong>Pater</strong></span> <span class='ocrx_word' id='word_1_49' title='bbox 312 1254 420 1306; x_wconf 90' lang='lat' dir='ltr'><strong>noster.</strong></span> <span class='ocrx_word' id='word_1_50' title='bbox 463 1247 505 1304; x_wconf 83' lang='lat' dir='ltr'><strong>Et</strong></span> <span class='ocrx_word' id='word_1_51' title='bbox 519 1267 557 1305; x_wconf 91' lang='lat' dir='ltr'><strong>ne</strong></span> <span class='ocrx_word' id='word_1_52' title='bbox 570 1267 632 1305; x_wconf 90' lang='lat' dir='ltr'><strong>nos.</strong></span> <span class='ocrx_word' id='word_1_53' title='bbox 677 1247 734 1305; x_wconf 84' lang='lat' dir='ltr'><strong>Sed</strong></span> <span class='ocrx_word' id='word_1_54' title='bbox 747 1247 849 1305; x_wconf 87' lang='lat' dir='ltr'><strong>libera.</strong></span> 
     </span>
     <span class='ocr_line' id='line_1_11' title="bbox 211 1346 643 1404; baseline -0.002 0"><span class='ocrx_word' id='word_1_55' title='bbox 211 1346 333 1404; x_wconf 85' lang='lat' dir='ltr'><strong>Salvum</strong></span> <span class='ocrx_word' id='word_1_56' title='bbox 346 1346 393 1403; x_wconf 82' lang='lat' dir='ltr'><strong>fac</strong></span> <span class='ocrx_word' id='word_1_57' title='bbox 406 1366 526 1404; x_wconf 84' lang='lat' dir='ltr'><strong>servum</strong></span> <span class='ocrx_word' id='word_1_58' title='bbox 539 1351 622 1403; x_wconf 87' lang='lat' dir='ltr'><strong>tuam</strong></span> <span class='ocrx_word' id='word_1_59' title='bbox 637 1367 643 1403; x_wconf 77' lang='grc' dir='ltr'><em>τ</em></span> 
     </span>
     <span class='ocr_line' id='line_1_12' title="bbox 250 1443 709 1519; baseline -0.002 -19"><span class='ocrx_word' id='word_1_60' title='bbox 250 1443 333 1502; x_wconf 91' lang='lat' dir='ltr'><strong>Deus</strong></span> <span class='ocrx_word' id='word_1_61' title='bbox 347 1463 429 1500; x_wconf 91' lang='lat' dir='ltr'><strong>meus</strong></span> <span class='ocrx_word' id='word_1_62' title='bbox 443 1448 611 1519; x_wconf 82' lang='lat' dir='ltr'><strong>sperantem</strong></span> <span class='ocrx_word' id='word_1_63' title='bbox 624 1443 657 1499; x_wconf 90' lang='lat' dir='ltr'><strong>in</strong></span> <span class='ocrx_word' id='word_1_64' title='bbox 670 1449 709 1500; x_wconf 86' lang='lat' dir='ltr'><strong>te.</strong></span> 
     </span>
     <span class='ocr_line' id='line_1_13' title="bbox 209 1540 852 1614; baseline -0.002 -17"><span class='ocrx_word' id='word_1_65' title='bbox 209 1540 302 1598; x_wconf 89' lang='lat' dir='ltr'><strong>Mitte</strong></span> <span class='ocrx_word' id='word_1_66' title='bbox 315 1541 351 1612; x_wconf 88' lang='lat' dir='ltr'><strong>ei,</strong></span> <span class='ocrx_word' id='word_1_67' title='bbox 367 1541 506 1614; x_wconf 88' lang='lat' dir='ltr'><strong>Domine,</strong></span> <span class='ocrx_word' id='word_1_68' title='bbox 521 1541 668 1598; x_wconf 85' lang='lat' dir='ltr'><strong>auxilium</strong></span> <span class='ocrx_word' id='word_1_69' title='bbox 683 1540 719 1597; x_wconf 92' lang='lat' dir='ltr'><strong>de</strong></span> <span class='ocrx_word' id='word_1_70' title='bbox 733 1544 852 1597; x_wconf 88' lang='lat' dir='ltr'><strong>sancto:</strong></span> 
     </span>
     <span class='ocr_line' id='line_1_14' title="bbox 251 1637 618 1696; baseline 0.003 -2"><span class='ocrx_word' id='word_1_71' title='bbox 251 1638 293 1694; x_wconf 85' lang='lat' dir='ltr'><strong>Et</strong></span> <span class='ocrx_word' id='word_1_72' title='bbox 306 1637 342 1695; x_wconf 92' lang='lat' dir='ltr'><strong>de</strong></span> <span class='ocrx_word' id='word_1_73' title='bbox 357 1637 429 1695; x_wconf 84' lang='lat' dir='ltr'><strong>Sion</strong></span> <span class='ocrx_word' id='word_1_74' title='bbox 443 1644 528 1696; x_wconf 85' lang='lat' dir='ltr'><strong>tuere</strong></span> <span class='ocrx_word' id='word_1_75' title='bbox 543 1657 618 1695; x_wconf 89' lang='lat' dir='ltr'><strong>eum.</strong></span> 
     </span>
    </p>
   </div>
   <div class='ocr_carea' id='block_1_3' title="bbox 575 1879 944 1938">
    <p class='ocr_par' dir='ltr' id='par_1_3' title="bbox 575 1879 944 1938">
     <span class='ocr_line' id='line_1_15' title="bbox 575 1879 944 1938; baseline -0.005 0"><span class='ocrx_word' id='word_1_76' title='bbox 575 1881 641 1938; x_wconf 82' lang='lat' dir='ltr'><strong>Pso</strong></span> <span class='ocrx_word' id='word_1_77' title='bbox 662 1897 733 1938; x_wconf 82' lang='lat' dir='ltr'><strong>rrnn</strong></span> <span class='ocrx_word' id='word_1_78' title='bbox 754 1879 944 1938; x_wconf 83' lang='lat' dir='ltr'><strong>Aennrrsus.</strong></span> 
     </span>
    </p>
   </div>
   <div class='ocr_carea' id='block_1_4' title="bbox 151 2023 1355 3647">
    <p class='ocr_par' dir='ltr' id='par_1_4' title="bbox 211 2023 1123 2102">
     <span class='ocr_line' id='line_1_16' title="bbox 211 2023 1123 2102; baseline -0.004 -18"><span class='ocrx_word' id='word_1_79' title='bbox 211 2027 238 2084; x_wconf 90' lang='grc' dir='ltr'><strong>Ο</strong></span> <span class='ocrx_word' id='word_1_80' title='bbox 253 2025 382 2083; x_wconf 90' lang='lat' dir='ltr'><strong>Domine</strong></span> <span class='ocrx_word' id='word_1_81' title='bbox 395 2025 491 2082; x_wconf 88' lang='lat' dir='ltr'><strong>salvos</strong></span> <span class='ocrx_word' id='word_1_82' title='bbox 505 2043 554 2082; x_wconf 88' lang='lat' dir='ltr'><strong>eos</strong></span> <span class='ocrx_word' id='word_1_83' title='bbox 568 2023 621 2083; x_wconf 88' lang='lat' dir='ltr'><strong>fac.</strong></span> <span class='ocrx_word' id='word_1_84' title='bbox 665 2024 691 2081; x_wconf 93' lang='grc' dir='ltr'>Ο</span> <span class='ocrx_word' id='word_1_85' title='bbox 706 2023 842 2094; x_wconf 85' lang='lat' dir='ltr'><strong>Domine,</strong></span> <span class='ocrx_word' id='word_1_86' title='bbox 855 2025 931 2082; x_wconf 92' lang='lat' dir='ltr'><strong>bene</strong></span> <span class='ocrx_word' id='word_1_87' title='bbox 943 2042 1123 2102; x_wconf 81' lang='lat' dir='ltr'><strong>prosperare.</strong></span> 
     </span>
    </p>

    <p class='ocr_par' dir='ltr' id='par_1_5' title="bbox 209 2122 890 2199">
     <span class='ocr_line' id='line_1_17' title="bbox 209 2122 890 2199; baseline -0.003 -17"><span class='ocrx_word' id='word_1_88' title='bbox 209 2123 395 2195; x_wconf 78' lang='lat' dir='ltr'><strong>Benedictus,</strong></span> <span class='ocrx_word' id='word_1_89' title='bbox 411 2123 465 2199; x_wconf 91' lang='lat' dir='ltr'><strong>qui</strong></span> <span class='ocrx_word' id='word_1_90' title='bbox 478 2123 562 2181; x_wconf 87' lang='lat' dir='ltr'><strong>venit</strong></span> <span class='ocrx_word' id='word_1_91' title='bbox 576 2123 610 2179; x_wconf 92' lang='lat' dir='ltr'><strong>in</strong></span> <span class='ocrx_word' id='word_1_92' title='bbox 623 2123 744 2180; x_wconf 91' lang='lat' dir='ltr'><strong>nomine</strong></span> <span class='ocrx_word' id='word_1_93' title='bbox 758 2122 890 2180; x_wconf 91' lang='lat' dir='ltr'><strong>Domini.</strong></span> 
     </span>
    </p>

    <p class='ocr_par' dir='ltr' id='par_1_6' title="bbox 212 2220 610 2279">
     <span class='ocr_line' id='line_1_18' title="bbox 212 2220 610 2279; baseline -0.005 0"><span class='ocrx_word' id='word_1_94' title='bbox 212 2221 342 2279; x_wconf 89' lang='lat' dir='ltr'><strong>Domine</strong></span> <span class='ocrx_word' id='word_1_95' title='bbox 356 2221 439 2279; x_wconf 91' lang='lat' dir='ltr'><strong>Deus</strong></span> <span class='ocrx_word' id='word_1_96' title='bbox 452 2220 610 2279; x_wconf 86' lang='lat' dir='ltr'><strong>virtutum.</strong></span> 
     </span>
    </p>

    <p class='ocr_par' dir='ltr' id='par_1_7' title="bbox 213 2319 397 2380">
     <span class='ocr_line' id='line_1_19' title="bbox 213 2319 397 2380; baseline 0.022 -5"><span class='ocrx_word' id='word_1_97' title='bbox 213 2319 255 2376; x_wconf 83' lang='lat' dir='ltr'><strong>Et</strong></span> <span class='ocrx_word' id='word_1_98' title='bbox 268 2320 397 2380; x_wconf 77' lang='lat' dir='ltr'><strong>ostende.</strong></span> 
     </span>
    </p>

    <p class='ocr_par' dir='ltr' id='par_1_8' title="bbox 213 2416 472 2475">
     <span class='ocr_line' id='line_1_20' title="bbox 213 2416 472 2475; baseline 0.008 -3"><span class='ocrx_word' id='word_1_99' title='bbox 213 2416 342 2474; x_wconf 92' lang='lat' dir='ltr'><strong>Domine</strong></span> <span class='ocrx_word' id='word_1_100' title='bbox 357 2417 472 2475; x_wconf 83' lang='lat' dir='ltr'><strong>exaudi.</strong></span> 
     </span>
    </p>

    <p class='ocr_par' dir='ltr' id='par_1_9' title="bbox 213 2512 867 2573">
     <span class='ocr_line' id='line_1_21' title="bbox 213 2512 867 2573; baseline -0.002 -4"><span class='ocrx_word' id='word_1_101' title='bbox 213 2512 362 2570; x_wconf 88' lang='lat' dir='ltr'><strong>Dominus</strong></span> <span class='ocrx_word' id='word_1_102' title='bbox 374 2515 535 2573; x_wconf 88' lang='lat' dir='ltr'><strong>vobiscum.</strong></span> <span class='ocrx_word' id='word_1_103' title='bbox 578 2514 712 2572; x_wconf 89' lang='lat' dir='ltr'><strong>Oremus.</strong></span> <span class='ocrx_word' id='word_1_104' title='bbox 758 2512 867 2570; x_wconf 81' lang='lat' dir='ltr'><strong>Oratio.</strong></span> 
     </span>
    </p>

    <p class='ocr_par' dir='ltr' id='par_1_10' title="bbox 151 2608 1355 3647">
     <span class='ocr_line' id='line_1_22' title="bbox 215 2608 1355 2689; baseline 0.002 -23"><span class='ocrx_word' id='word_1_105' title='bbox 215 2609 409 2687; x_wconf 89' lang='lat' dir='ltr'><strong>Omnipotens</strong></span> <span class='ocrx_word' id='word_1_106' title='bbox 423 2613 621 2689; x_wconf 87' lang='lat' dir='ltr'><strong>sempiternus</strong></span> <span class='ocrx_word' id='word_1_107' title='bbox 631 2612 722 2681; x_wconf 91' lang='lat' dir='ltr'><strong>Deus,</strong></span> <span class='ocrx_word' id='word_1_108' title='bbox 735 2611 787 2686; x_wconf 89' lang='lat' dir='ltr'><strong>qui</strong></span> <span class='ocrx_word' id='word_1_109' title='bbox 797 2615 842 2668; x_wconf 90' lang='lat' dir='ltr'><strong>est</strong></span> <span class='ocrx_word' id='word_1_110' title='bbox 851 2608 901 2667; x_wconf 89' lang='lat' dir='ltr'><strong>via</strong></span> <span class='ocrx_word' id='word_1_111' title='bbox 910 2608 1021 2666; x_wconf 87' lang='lat' dir='ltr'><strong>veritas</strong></span> <span class='ocrx_word' id='word_1_112' title='bbox 1031 2611 1062 2666; x_wconf 85' lang='lat' dir='ltr'><strong>et</strong></span> <span class='ocrx_word' id='word_1_113' title='bbox 1071 2608 1144 2680; x_wconf 84' lang='lat' dir='ltr'><strong>vita,</strong></span> <span class='ocrx_word' id='word_1_114' title='bbox 1155 2609 1214 2667; x_wconf 88' lang='lat' dir='ltr'><strong>iter</strong></span> <span class='ocrx_word' id='word_1_115' title='bbox 1223 2615 1312 2668; x_wconf 92' lang='lat' dir='ltr'><strong>tuum</strong></span> <span class='ocrx_word' id='word_1_116' title='bbox 1321 2611 1355 2668; x_wconf 90' lang='lat' dir='ltr'><strong>in</strong></span> 
     </span>
     <span class='ocr_line' id='line_1_23' title="bbox 152 2705 1354 2786; baseline 0.003 -24"><span class='ocrx_word' id='word_1_117' title='bbox 152 2705 335 2781; x_wconf 85' lang='lat' dir='ltr'><strong>beneplacito</strong></span> <span class='ocrx_word' id='word_1_118' title='bbox 359 2728 413 2766; x_wconf 90' lang='lat' dir='ltr'><strong>suo</strong></span> <span class='ocrx_word' id='word_1_119' title='bbox 437 2710 583 2786; x_wconf 89' lang='lat' dir='ltr'><strong>disponat,</strong></span> <span class='ocrx_word' id='word_1_120' title='bbox 611 2709 750 2785; x_wconf 81' lang='lat' dir='ltr'><strong>angelum</strong></span> <span class='ocrx_word' id='word_1_121' title='bbox 773 2712 909 2765; x_wconf 87' lang='lat' dir='ltr'><strong>sanctum</strong></span> <span class='ocrx_word' id='word_1_122' title='bbox 931 2705 1115 2783; x_wconf 86' lang='lat' dir='ltr'><strong>Raphaelem</strong></span> <span class='ocrx_word' id='word_1_123' title='bbox 1137 2706 1172 2764; x_wconf 95' lang='lat' dir='ltr'><strong>in</strong></span> <span class='ocrx_word' id='word_1_124' title='bbox 1193 2706 1248 2766; x_wconf 89' lang='lat' dir='ltr'><strong>hac</strong></span> <span class='ocrx_word' id='word_1_125' title='bbox 1270 2728 1354 2785; x_wconf 92' lang='lat' dir='ltr'><strong>pere-</strong></span> 
     </span>
     <span class='ocr_line' id='line_1_24' title="bbox 151 2804 1355 2882; baseline 0.004 -23"><span class='ocrx_word' id='word_1_126' title='bbox 151 2804 318 2880; x_wconf 86' lang='lat' dir='ltr'><strong>grinatione</strong></span> <span class='ocrx_word' id='word_1_127' title='bbox 339 2812 391 2863; x_wconf 85' lang='lat' dir='ltr'><strong>tua</strong></span> <span class='ocrx_word' id='word_1_128' title='bbox 411 2807 563 2865; x_wconf 85' lang='lat' dir='ltr'><strong>custodem</strong></span> <span class='ocrx_word' id='word_1_129' title='bbox 583 2807 731 2877; x_wconf 87' lang='lat' dir='ltr'><strong>adhibeat,</strong></span> <span class='ocrx_word' id='word_1_130' title='bbox 747 2807 799 2881; x_wconf 89' lang='lat' dir='ltr'><strong>qui</strong></span> <span class='ocrx_word' id='word_1_131' title='bbox 812 2806 851 2862; x_wconf 84' lang='lat' dir='ltr'><strong>ad</strong></span> <span class='ocrx_word' id='word_1_132' title='bbox 864 2805 928 2862; x_wconf 90' lang='lat' dir='ltr'><strong>loca</strong></span> <span class='ocrx_word' id='word_1_133' title='bbox 947 2805 1114 2863; x_wconf 79' lang='lat' dir='ltr'><strong>desiderate</strong></span> <span class='ocrx_word' id='word_1_134' title='bbox 1136 2825 1204 2864; x_wconf 92' lang='lat' dir='ltr'><strong>cum</strong></span> <span class='ocrx_word' id='word_1_135' title='bbox 1227 2825 1300 2882; x_wconf 89' lang='lat' dir='ltr'><strong>pace</strong></span> <span class='ocrx_word' id='word_1_136' title='bbox 1322 2813 1355 2864; x_wconf 86' lang='lat' dir='ltr'><strong>te</strong></span> 
     </span>
     <span class='ocr_line' id='line_1_25' title="bbox 153 2900 1353 2978; baseline 0.003 -22"><span class='ocrx_word' id='word_1_137' title='bbox 153 2900 251 2958; x_wconf 91' lang='lat' dir='ltr'><strong>eundo</strong></span> <span class='ocrx_word' id='word_1_138' title='bbox 274 2902 424 2978; x_wconf 87' lang='lat' dir='ltr'><strong>perducat,</strong></span> <span class='ocrx_word' id='word_1_139' title='bbox 440 2908 553 2961; x_wconf 90' lang='lat' dir='ltr'><strong>etcum</strong></span> <span class='ocrx_word' id='word_1_140' title='bbox 573 2903 669 2960; x_wconf 84' lang='lat' dir='ltr'><strong>salute</strong></span> <span class='ocrx_word' id='word_1_141' title='bbox 691 2902 802 2960; x_wconf 92' lang='lat' dir='ltr'><strong>iterum</strong></span> <span class='ocrx_word' id='word_1_142' title='bbox 822 2903 861 2960; x_wconf 83' lang='lat' dir='ltr'><strong>ad</strong></span> <span class='ocrx_word' id='word_1_143' title='bbox 882 2922 937 2960; x_wconf 92' lang='lat' dir='ltr'><strong>nos</strong></span> <span class='ocrx_word' id='word_1_144' title='bbox 959 2901 1109 2962; x_wconf 90' lang='lat' dir='ltr'><strong>redeundo</strong></span> <span class='ocrx_word' id='word_1_145' title='bbox 1130 2901 1260 2960; x_wconf 82' lang='lat' dir='ltr'><strong>reducat</strong></span> <span class='ocrx_word' id='word_1_146' title='bbox 1304 2902 1353 2960; x_wconf 84' lang='lat' dir='ltr'><strong>Sit</strong></span> 
     </span>
     <span class='ocr_line' id='line_1_26' title="bbox 152 2998 1354 3078; baseline 0.001 -22"><span class='ocrx_word' id='word_1_147' title='bbox 152 2998 354 3057; x_wconf 87' lang='lat' dir='ltr'><strong>interventrix</strong></span> <span class='ocrx_word' id='word_1_148' title='bbox 377 3001 426 3059; x_wconf 91' lang='lat' dir='ltr'><strong>tui</strong></span> <span class='ocrx_word' id='word_1_149' title='bbox 449 3001 536 3058; x_wconf 84' lang='lat' dir='ltr'><strong>beata</strong></span> <span class='ocrx_word' id='word_1_150' title='bbox 560 3001 618 3059; x_wconf 92' lang='lat' dir='ltr'><strong>Dei</strong></span> <span class='ocrx_word' id='word_1_151' title='bbox 636 3000 769 3078; x_wconf 86' lang='lat' dir='ltr'><strong>genitrix</strong></span> <span class='ocrx_word' id='word_1_152' title='bbox 793 3001 893 3059; x_wconf 88' lang='lat' dir='ltr'><strong>Maria</strong></span> <span class='ocrx_word' id='word_1_153' title='bbox 915 3021 984 3060; x_wconf 88' lang='lat' dir='ltr'><strong>curn</strong></span> <span class='ocrx_word' id='word_1_154' title='bbox 1006 2999 1155 3077; x_wconf 83' lang='lat' dir='ltr'><strong>universis</strong></span> <span class='ocrx_word' id='word_1_155' title='bbox 1174 2999 1302 3076; x_wconf 80' lang='lat' dir='ltr'><strong>Angelis</strong></span> <span class='ocrx_word' id='word_1_156' title='bbox 1322 3005 1354 3058; x_wconf 92' lang='lat' dir='ltr'><strong>et</strong></span> 
     </span>
     <span class='ocr_line' id='line_1_27' title="bbox 154 3097 1355 3176; baseline 0.002 -21"><span class='ocrx_word' id='word_1_157' title='bbox 154 3097 359 3176; x_wconf 80' lang='lat' dir='ltr'><strong>Archangelis,</strong></span> <span class='ocrx_word' id='word_1_158' title='bbox 388 3098 570 3158; x_wconf 86' lang='lat' dir='ltr'><strong>Patriarehis</strong></span> <span class='ocrx_word' id='word_1_159' title='bbox 603 3119 720 3176; x_wconf 88' lang='lat' dir='ltr'><strong>quoque</strong></span> <span class='ocrx_word' id='word_1_160' title='bbox 755 3105 786 3157; x_wconf 93' lang='lat' dir='ltr'><strong>et</strong></span> <span class='ocrx_word' id='word_1_161' title='bbox 816 3099 983 3176; x_wconf 90' lang='lat' dir='ltr'><strong>Prophetis.</strong></span> <span class='ocrx_word' id='word_1_162' title='bbox 1052 3098 1121 3157; x_wconf 80' lang='lat' dir='ltr'><strong>Sint</strong></span> <span class='ocrx_word' id='word_1_163' title='bbox 1147 3098 1355 3157; x_wconf 80' lang='lat' dir='ltr'><strong>intercessores</strong></span> 
     </span>
     <span class='ocr_line' id='line_1_28' title="bbox 155 3195 1354 3274; baseline 0 -20"><span class='ocrx_word' id='word_1_164' title='bbox 155 3196 250 3254; x_wconf 81' lang='lat' dir='ltr'><strong>sancti</strong></span> <span class='ocrx_word' id='word_1_165' title='bbox 271 3198 411 3273; x_wconf 89' lang='lat' dir='ltr'><strong>Apostoli</strong></span> <span class='ocrx_word' id='word_1_166' title='bbox 437 3198 546 3256; x_wconf 90' lang='lat' dir='ltr'><strong>Petrus</strong></span> <span class='ocrx_word' id='word_1_167' title='bbox 574 3203 604 3255; x_wconf 90' lang='lat' dir='ltr'><strong>et</strong></span> <span class='ocrx_word' id='word_1_168' title='bbox 628 3198 740 3255; x_wconf 87' lang='lat' dir='ltr'><strong>Paulus</strong></span> <span class='ocrx_word' id='word_1_169' title='bbox 767 3217 835 3254; x_wconf 88' lang='lat' dir='ltr'><strong>curn</strong></span> <span class='ocrx_word' id='word_1_170' title='bbox 862 3197 968 3255; x_wconf 91' lang='lat' dir='ltr'><strong>ceteris</strong></span> <span class='ocrx_word' id='word_1_171' title='bbox 987 3196 1137 3274; x_wconf 86' lang='lat' dir='ltr'><strong>apostolis,</strong></span> <span class='ocrx_word' id='word_1_172' title='bbox 1162 3195 1354 3272; x_wconf 79' lang='lat' dir='ltr'><strong>martyribus,</strong></span> 
     </span>
     <span class='ocr_line' id='line_1_29' title="bbox 154 3293 1355 3373; baseline 0.004 -25"><span class='ocrx_word' id='word_1_173' title='bbox 154 3293 368 3353; x_wconf 86' lang='lat' dir='ltr'><strong>confessoribus</strong></span> <span class='ocrx_word' id='word_1_174' title='bbox 381 3301 412 3354; x_wconf 87' lang='lat' dir='ltr'><strong>et</strong></span> <span class='ocrx_word' id='word_1_175' title='bbox 425 3297 599 3373; x_wconf 87' lang='lat' dir='ltr'><strong>virginibus.</strong></span> <span class='ocrx_word' id='word_1_176' title='bbox 642 3296 844 3372; x_wconf 87' lang='lat' dir='ltr'><strong>Obtineatque</strong></span> <span class='ocrx_word' id='word_1_177' title='bbox 858 3295 916 3352; x_wconf 90' lang='lat' dir='ltr'><strong>tibi</strong></span> <span class='ocrx_word' id='word_1_178' title='bbox 929 3295 1025 3353; x_wconf 84' lang='lat' dir='ltr'><strong>sancti</strong></span> <span class='ocrx_word' id='word_1_179' title='bbox 1038 3295 1090 3368; x_wconf 69' lang='lat' dir='ltr'><strong>N,</strong></span> <span class='ocrx_word' id='word_1_180' title='bbox 1105 3314 1232 3371; x_wconf 90' lang='lat' dir='ltr'><strong>quornm</strong></span> <span class='ocrx_word' id='word_1_181' title='bbox 1246 3296 1355 3372; x_wconf 82' lang='lat' dir='ltr'><strong>qnaeris</strong></span> 
     </span>
     <span class='ocr_line' id='line_1_30' title="bbox 155 3389 1353 3470; baseline 0.003 -24"><span class='ocrx_word' id='word_1_182' title='bbox 155 3389 302 3467; x_wconf 85' lang='lat' dir='ltr'><strong>suffragia,</strong></span> <span class='ocrx_word' id='word_1_183' title='bbox 318 3413 385 3450; x_wconf 89' lang='lat' dir='ltr'><strong>cum</strong></span> <span class='ocrx_word' id='word_1_184' title='bbox 399 3395 536 3452; x_wconf 88' lang='lat' dir='ltr'><strong>omnibus</strong></span> <span class='ocrx_word' id='word_1_185' title='bbox 559 3395 670 3453; x_wconf 88' lang='lat' dir='ltr'><strong>sanctis</strong></span> <span class='ocrx_word' id='word_1_186' title='bbox 689 3395 773 3470; x_wconf 89' lang='lat' dir='ltr'><strong>justa</strong></span> <span class='ocrx_word' id='word_1_187' title='bbox 796 3391 941 3450; x_wconf 82' lang='lat' dir='ltr'><strong>desideria</strong></span> <span class='ocrx_word' id='word_1_188' title='bbox 961 3397 991 3450; x_wconf 89' lang='lat' dir='ltr'><strong>et</strong></span> <span class='ocrx_word' id='word_1_189' title='bbox 1011 3393 1239 3470; x_wconf 83' lang='lat' dir='ltr'><strong>prosperitatem</strong></span> <span class='ocrx_word' id='word_1_190' title='bbox 1251 3393 1353 3450; x_wconf 91' lang='lat' dir='ltr'><strong>remis-</strong></span> 
     </span>
     <span class='ocr_line' id='line_1_31' title="bbox 155 3487 1355 3566; baseline 0.003 -23"><span class='ocrx_word' id='word_1_191' title='bbox 155 3487 327 3564; x_wconf 89' lang='lat' dir='ltr'><strong>sionemque</strong></span> <span class='ocrx_word' id='word_1_192' title='bbox 353 3488 540 3566; x_wconf 86' lang='lat' dir='ltr'><strong>peccatorum</strong></span> <span class='ocrx_word' id='word_1_193' title='bbox 564 3511 598 3550; x_wconf 88' lang='lat' dir='ltr'><strong>ac</strong></span> <span class='ocrx_word' id='word_1_194' title='bbox 620 3493 715 3550; x_wconf 82' lang='lat' dir='ltr'><strong>vitam</strong></span> <span class='ocrx_word' id='word_1_195' title='bbox 741 3496 890 3549; x_wconf 85' lang='lat' dir='ltr'><strong>aeternam.</strong></span> <span class='ocrx_word' id='word_1_196' title='bbox 942 3489 1001 3548; x_wconf 91' lang='lat' dir='ltr'><strong>Per</strong></span> <span class='ocrx_word' id='word_1_197' title='bbox 1027 3490 1192 3549; x_wconf 91' lang='lat' dir='ltr'><strong>Dominum</strong></span> <span class='ocrx_word' id='word_1_198' title='bbox 1218 3496 1355 3549; x_wconf 85' lang='lat' dir='ltr'><strong>nostrum</strong></span> 
     </span>
     <span class='ocr_line' id='line_1_32' title="bbox 156 3572 1148 3647; baseline 0.002 0"><span class='ocrx_word' id='word_1_199' title='bbox 156 3587 179 3647; x_wconf 85' lang='lat' dir='ltr'><strong>J</strong></span> <span class='ocrx_word' id='word_1_200' title='bbox 180 3605 263 3646; x_wconf 90' lang='lat' dir='ltr'><strong>esum</strong></span> <span class='ocrx_word' id='word_1_201' title='bbox 278 3587 438 3646; x_wconf 72' lang='lat' dir='ltr'><strong>Christum.</strong></span> <span class='ocrx_word' id='word_1_202' title='bbox 1146 3572 1148 3577; x_wconf 23' lang='grc' dir='ltr'>Ι</span> 
     </span>
    </p>
   </div>
   <div class='ocr_carea' id='block_1_5' title="bbox 177 3804 1341 3874">
    <p class='ocr_par' dir='ltr' id='par_1_11' title="bbox 177 3804 1341 3874">
     <span class='ocr_line' id='line_1_33' title="bbox 177 3804 1341 3874; baseline -0.001 -12"><span class='ocrx_word' id='word_1_203' title='bbox 177 3804 370 3864; x_wconf 81' lang='lat' dir='ltr'><strong>Buranrcmo</strong></span> <span class='ocrx_word' id='word_1_204' title='bbox 391 3806 506 3864; x_wconf 82' lang='lat' dir='ltr'><strong>Onucrs</strong></span> <span class='ocrx_word' id='word_1_205' title='bbox 528 3821 566 3862; x_wconf 82' lang='lat' dir='ltr'><strong>rr</strong></span> <span class='ocrx_word' id='word_1_206' title='bbox 586 3820 693 3863; x_wconf 79' lang='lat' dir='ltr'><strong>norun</strong></span> <span class='ocrx_word' id='word_1_207' title='bbox 713 3820 766 3874; x_wconf 78' lang='lat' dir='ltr'><strong>eur</strong></span> <span class='ocrx_word' id='word_1_208' title='bbox 788 3821 822 3863; x_wconf 77' lang='lat' dir='ltr'><strong>nr</strong></span> <span class='ocrx_word' id='word_1_209' title='bbox 842 3805 1052 3863; x_wconf 75' lang='lat' dir='ltr'><strong>Hmaussnnn</strong></span> <span class='ocrx_word' id='word_1_210' title='bbox 1073 3819 1341 3863; x_wconf 80' lang='lat' dir='ltr'><strong>rnoriorscusrur.</strong></span> 
     </span>
    </p>
   </div>
   <div class='ocr_carea' id='block_1_6' title="bbox 156 3965 1359 4240">
    <p class='ocr_par' dir='ltr' id='par_1_12' title="bbox 156 3965 1359 4240">
     <span class='ocr_line' id='line_1_34' title="bbox 219 3965 1357 4054; baseline -0.008 -23"><span class='ocrx_word' id='word_1_211' title='bbox 219 3972 370 4054; x_wconf 88' lang='lat' dir='ltr'><strong>[Benedic,</strong></span> <span class='ocrx_word' id='word_1_212' title='bbox 386 3970 523 4042; x_wconf 90' lang='lat' dir='ltr'><strong>Domine,</strong></span> <span class='ocrx_word' id='word_1_213' title='bbox 538 3969 615 4027; x_wconf 90' lang='lat' dir='ltr'><strong>hane</strong></span> <span class='ocrx_word' id='word_1_214' title='bbox 629 3988 745 4027; x_wconf 89' lang='lat' dir='ltr'><strong>crucem</strong></span> <span class='ocrx_word' id='word_1_215' title='bbox 765 3968 818 4045; x_wconf 92' lang='lat' dir='ltr'><strong>qui</strong></span> <span class='ocrx_word' id='word_1_216' title='bbox 837 3987 891 4045; x_wconf 90' lang='lat' dir='ltr'><strong>per</strong></span> <span class='ocrx_word' id='word_1_217' title='bbox 909 3967 1055 4026; x_wconf 86' lang='lat' dir='ltr'><strong>virtutem</strong></span> <span class='ocrx_word' id='word_1_218' title='bbox 1068 3970 1177 4024; x_wconf 82' lang='lat' dir='ltr'><strong>sanctae</strong></span> <span class='ocrx_word' id='word_1_219' title='bbox 1190 3965 1286 4024; x_wconf 88' lang='lat' dir='ltr'><strong>crucis</strong></span> <span class='ocrx_word' id='word_1_220' title='bbox 1299 3970 1357 4022; x_wconf 72' lang='lat' dir='ltr'><strong>tuse</strong></span> 
     </span>
     <span class='ocr_line' id='line_1_35' title="bbox 158 4062 1359 4148; baseline -0.007 -20"><span class='ocrx_word' id='word_1_221' title='bbox 158 4071 303 4128; x_wconf 92' lang='lat' dir='ltr'><strong>mundum</strong></span> <span class='ocrx_word' id='word_1_222' title='bbox 330 4090 349 4128; x_wconf 86' lang='lat' dir='ltr'><strong>a</strong></span> <span class='ocrx_word' id='word_1_223' title='bbox 374 4074 522 4148; x_wconf 90' lang='lat' dir='ltr'><strong>potestate</strong></span> <span class='ocrx_word' id='word_1_224' title='bbox 549 4068 717 4147; x_wconf 84' lang='lat' dir='ltr'><strong>daemonum</strong></span> <span class='ocrx_word' id='word_1_225' title='bbox 743 4066 885 4141; x_wconf 89' lang='lat' dir='ltr'><strong>liberasti,</strong></span> <span class='ocrx_word' id='word_1_226' title='bbox 912 4071 944 4125; x_wconf 82' lang='lat' dir='ltr'><strong>et</strong></span> <span class='ocrx_word' id='word_1_227' title='bbox 970 4065 1122 4124; x_wconf 87' lang='lat' dir='ltr'><strong>sanctifica</strong></span> <span class='ocrx_word' id='word_1_228' title='bbox 1146 4064 1231 4123; x_wconf 87' lang='lat' dir='ltr'><strong>illam</strong></span> <span class='ocrx_word' id='word_1_229' title='bbox 1257 4070 1294 4122; x_wconf 88' lang='lat' dir='ltr'><strong>ut</strong></span> <span class='ocrx_word' id='word_1_230' title='bbox 1319 4062 1359 4120; x_wconf 87' lang='lat' dir='ltr'><strong>ait</strong></span> 
     </span>
     <span class='ocr_line' id='line_1_36' title="bbox 156 4159 1357 4240; baseline -0.005 -16"><span class='ocrx_word' id='word_1_231' title='bbox 156 4166 284 4226; x_wconf 86' lang='lat' dir='ltr'><strong>inimicis</strong></span> <span class='ocrx_word' id='word_1_232' title='bbox 297 4168 358 4226; x_wconf 78' lang='lat' dir='ltr'><strong>tuis</strong></span> <span class='ocrx_word' id='word_1_233' title='bbox 372 4166 557 4226; x_wconf 84' lang='lat' dir='ltr'><strong>obstaculum</strong></span> <span class='ocrx_word' id='word_1_234' title='bbox 571 4171 602 4224; x_wconf 90' lang='lat' dir='ltr'><strong>et</strong></span> <span class='ocrx_word' id='word_1_235' title='bbox 612 4166 644 4223; x_wconf 91' lang='lat' dir='ltr'><strong>in</strong></span> <span class='ocrx_word' id='word_1_236' title='bbox 654 4170 684 4223; x_wconf 90' lang='lat' dir='ltr'><strong>te</strong></span> <span class='ocrx_word' id='word_1_237' title='bbox 694 4164 882 4223; x_wconf 90' lang='lat' dir='ltr'><strong>credentibus</strong></span> <span class='ocrx_word' id='word_1_238' title='bbox 894 4168 1074 4240; x_wconf 87' lang='lat' dir='ltr'><strong>perpetuum</strong></span> <span class='ocrx_word' id='word_1_239' title='bbox 1086 4160 1191 4220; x_wconf 81' lang='lat' dir='ltr'><strong>salutis</strong></span> <span class='ocrx_word' id='word_1_240' title='bbox 1204 4159 1357 4232; x_wconf 85' lang='lat' dir='ltr'><strong>vexillum,</strong></span> 
     </span>
    </p>
   </div>
   <div class='ocr_carea' id='block_1_7' title="bbox 160 4257 1360 4437">
    <p class='ocr_par' dir='ltr' id='par_1_13' title="bbox 160 4257 1360 4437">
     <span class='ocr_line' id='line_1_37' title="bbox 160 4257 1002 4341; baseline -0.006 -18"><span class='ocrx_word' id='word_1_241' title='bbox 160 4264 297 4324; x_wconf 77' lang='lat' dir='ltr'><strong>Salvator</strong></span> <span class='ocrx_word' id='word_1_242' title='bbox 309 4265 424 4337; x_wconf 89' lang='lat' dir='ltr'><strong>mundi,</strong></span> <span class='ocrx_word' id='word_1_243' title='bbox 440 4264 582 4334; x_wconf 80' lang='lat' dir='ltr'><strong>Quicum</strong></span> <span class='ocrx_word' id='word_1_244' title='bbox 595 4263 660 4321; x_wconf 92' lang='lat' dir='ltr'><strong>Deo</strong></span> <span class='ocrx_word' id='word_1_245' title='bbox 674 4260 882 4320; x_wconf 63' lang='lat' dir='ltr'><strong>Patre-MS</strong></span> <span class='ocrx_word' id='word_1_246' title='bbox 903 4257 1002 4341; x_wconf 84' lang='lat' dir='ltr'><strong>York.]</strong></span> 
     </span>
     <span class='ocr_line' id='line_1_38' title="bbox 221 4355 1360 4437; baseline -0.006 -17"><span class='ocrx_word' id='word_1_247' title='bbox 221 4362 358 4435; x_wconf 90' lang='lat' dir='ltr'><strong>Benedic,</strong></span> <span class='ocrx_word' id='word_1_248' title='bbox 371 4361 508 4434; x_wconf 92' lang='lat' dir='ltr'><strong>Domine,</strong></span> <span class='ocrx_word' id='word_1_249' title='bbox 518 4361 595 4419; x_wconf 89' lang='lat' dir='ltr'><strong>hanc</strong></span> <span class='ocrx_word' id='word_1_250' title='bbox 608 4380 724 4419; x_wconf 89' lang='lat' dir='ltr'><strong>crucem</strong></span> <span class='ocrx_word' id='word_1_251' title='bbox 737 4365 822 4419; x_wconf 87' lang='lat' dir='ltr'><strong>tuam</strong></span> <span class='ocrx_word' id='word_1_252' title='bbox 843 4378 903 4437; x_wconf 90' lang='lat' dir='ltr'><strong>qua</strong></span> <span class='ocrx_word' id='word_1_253' title='bbox 926 4356 1064 4437; x_wconf 86' lang='lat' dir='ltr'><strong>eripuisti</strong></span> <span class='ocrx_word' id='word_1_254' title='bbox 1076 4355 1223 4415; x_wconf 90' lang='lat' dir='ltr'><strong>mundum</strong></span> <span class='ocrx_word' id='word_1_255' title='bbox 1236 4375 1255 4415; x_wconf 90' lang='lat' dir='ltr'><strong>a</strong></span> <span class='ocrx_word' id='word_1_256' title='bbox 1267 4360 1360 4432; x_wconf 87' lang='lat' dir='ltr'><strong>potes·</strong></span> 
     </span>
    </p>
   </div>
   <div class='ocr_carea' id='block_1_8' title="bbox 0 0 1443 4800">
    <p class='ocr_par' dir='ltr' id='par_1_14' title="bbox 0 0 1443 4800">
     <span class='ocr_line' id='line_1_39' title="bbox 0 0 1443 4800; baseline 0 0"><span class='ocrx_word' id='word_1_257' title='bbox 0 0 1443 4800; x_wconf 95' lang='lat' dir='ltr'><strong> </strong></span> 
     </span>
    </p>
   </div>
  </div>
 </body>
</html>
