2850 4800
170 279 213 344 ³4
496 277 584 345 Ordo
605 276 652 344 od
668 277 834 365 faianda
854 276 1047 363 sponsalia.

170 459 292 518 calicem
322 459 356 516 in
386 463 504 518 sanctas
532 480 567 518 ac
594 459 778 518 venerabiles
808 478 913 517 manus
944 477 1022 530 suas,
1060 458 1141 516 Item
1174 457 1234 516 tibi
1264 458 1378 535 gratias

169 553 492 636 agens,bene›1‹dixit‚
515 555 657 632 deditque
674 556 827 632 discipulis
848 556 919 628 suis,
939 555 1048 626 dicens,
1070 553 1208 631 Accipite
1229 559 1261 613 et
1282 553 1379 614 bibite

171 673 210 711 ex
237 672 272 710 eo
300 671 409 710 omnes.
466 653 528 710 Hic
555 659 601 711 est
628 653 708 711 enim
735 653 813 711 calix
840 651 993 729 sanguinis
1023 650 1083 708 mei
1111 650 1185 707 novi
1211 657 1245 709 et
1271 651 1379 709 aeterni

169 751 351 822 testamenti,
376 750 553 826 mysterium
577 751 655 823 fidei,
682 751 735 827 qui
761 770 815 827 pro
838 750 923 809 vobis
947 754 979 807 et
1001 767 1055 824 pro
1078 746 1182 805 multis
1205 747 1379 806 effundetur

169 847 203 905 in
232 847 436 907 remissionem
466 854 662 924 peccatorum
716 847 792 908 Haec
823 847 1057 924 quotiescunque
1086 843 1227 917 feceritis,
1257 844 1292 902 in
1318 844 1379 903 mei

171 944 345 1004 memoriam
366 945 490 1002 facietis.

233 1042 325 1100 Unde
345 1047 377 1099 et
396 1060 547 1113 memores,
567 1040 705 1114 Domine,
728 1060 782 1100 nos
803 1040 852 1099 tui
874 1039 953 1111 servi
974 1039 1026 1097 sed
1046 1045 1079 1096 et
1096 1039 1180 1115 plebs
1200 1045 1255 1097 tua
1276 1044 1380 1099 sancta

171 1139 304 1215 ejusdem
318 1137 431 1196 Christi
445 1138 517 1195 Filii
535 1138 582 1194 tui
594 1138 719 1196 Domini
731 1138 791 1196 Dei
803 1139 899 1196 nostri
911 1143 974 1194 tam
987 1136 1082 1194 beatae
1095 1136 1249 1213 passionis,
1263 1155 1380 1196 necnon

171 1241 203 1294 et
215 1237 253 1294 ab
266 1237 370 1295 inferis
383 1235 616 1307 resurrectionis,
628 1235 679 1292 sed
694 1235 771 1293 etin
784 1235 870 1293 caelos
882 1233 1016 1311 gloriosae
1027 1234 1216 1306 ascensionis,
1228 1235 1380 1293 offerimus

171 1334 319 1409 praeclarae
332 1332 483 1409 majestati
496 1339 556 1389 tuae
571 1332 607 1390 de
620 1333 682 1389 tuis
695 1332 781 1390 donis
794 1352 828 1390 ac
841 1332 920 1390 datis
935 1331 1065 1389 hostiam
1079 1330 1234 1411 mbram,
1248 1332 1380 1391 hostiam

172 1426 352 1508 sanfflctam
372 1429 501 1486 hostiam
520 1426 790 1508 immacuffllatam,
806 1427 954 1508 pa›1‹nem
974 1434 1109 1488 sanctum
1122 1430 1193 1487 ritae
1206 1435 1336 1503 aeternae,
1350 1434 1382 1489 et

171 1524 332 1604 califfloem
346 1526 453 1583 salutis
466 1531 625 1602 perpetuae.

234 1621 331 1698 Supra
353 1642 418 1696 quse
441 1622 572 1698 propitio
593 1643 627 1680 ac
649 1640 752 1680 sereno
774 1622 864 1681 vultu
884 1622 1029 1699 respicere
1049 1623 1187 1699 digneris,
1209 1631 1242 1681 et
1261 1629 1383 1701 accepta

171 1716 289 1788 habere,
311 1717 388 1774 sicut
408 1724 528 1793 accepta
547 1717 657 1777 habere
677 1718 818 1795 dignatus
838 1738 869 1776 cs
888 1738 1014 1778 munera
1033 1720 1121 1796 pueri
1139 1719 1187 1777 tui
1201 1721 1282 1796 justi
1303 1718 1384 1779 Abel

172 1818 205 1871 et
228 1812 405 1870 sacrificium
431 1813 607 1889 patriarchae
630 1815 726 1873 nostri
750 1815 891 1887 Abrahae,
917 1821 948 1874 et
974 1816 1054 1892 quod
1081 1817 1139 1875 tibi
1165 1817 1279 1875 obtulit
1306 1835 1384 1875 sum·

172 1927 240 1967 mus
267 1910 401 1968 sacerdos
428 1915 499 1968 tuus
525 1911 752 1983 Melchisedech,
783 1917 919 1969 sanctum
946 1912 1133 1984 sacrificium,
1157 1913 1381 1971 immaculatam

174 2004 311 2064 hostiam.

236 2103 389 2180 Supplices
402 2109 434 2162 te
447 2123 593 2181 rogamus,
605 2105 794 2182 omnipotens
807 2104 899 2177 Deus,
910 2105 985 2182 jube
997 2106 1060 2163 haec
1073 2105 1197 2183 perferri
1209 2125 1265 2182 per
1276 2125 1383 2164 manus

173 2200 271 2260 sancti
284 2201 382 2277 angeli
396 2202 443 2259 tui
456 2202 489 2258 in
503 2202 629 2260 sublime
650 2202 745 2259 altare
764 2207 860 2274 tuum,
875 2201 909 2259 in
923 2208 1081 2279 conspectu
1094 2202 1205 2259 divina
1217 2202 1384 2278 majestatis

174 2302 243 2370 tuae,
259 2303 295 2354 ut
316 2304 466 2375 quotquot
488 2319 526 2356 cx
547 2298 603 2356 hac
625 2298 743 2356 Altaris
764 2298 1000 2376 participatione,
1016 2304 1236 2357 sacrosanctum
1249 2298 1325 2356 Filii
1336 2298 1383 2356 tui

175 2393 322 2474 ccr>14pus
338 2401 370 2453 et
388 2394 604 2475 sanfflguinem
622 2397 842 2472 sumpserimus,
862 2396 944 2453 omni
961 2394 1208 2476 benefflffictione
1228 2395 1341 2454 caelesti
1354 2402 1385 2454 et

176 2493 273 2568 gratia
294 2492 469 2569 repleamur.
514 2493 573 2551 Per
595 2493 721 2552 eundem
743 2493 851 2552 Jesum
875 2492 1029 2551 Christum
1051 2492 1214 2550 Dominum
1236 2498 1380 2551 nostrum.

177 2589 286 2648 Amen.

235 2685 389 2744 Memento
410 2688 510 2760 etiam,
528 2686 667 2758 Domine,
680 2684 861 2744 famulorum
879 2685 1119 2763 famularumque
1138 2693 1262 2753 tuarum
1274 2687 1316 2745 N.
1331 2686 1384 2764 qui

176 2800 232 2839 nos
249 2789 462 2858 praecesserunt
484 2803 551 2841 eum
573 2784 657 2861 signo
673 2783 752 2856 fidei,
768 2788 799 2841 et
812 2783 967 2841 dormiunt
988 2784 1021 2840 in
1042 2803 1146 2842 somno
1164 2785 1253 2861 pacis
1295 2783 1385 2862 Ipsis,

179 2877 318 2950 Domine,
335 2884 366 2936 et
378 2879 515 2937 omnibus
534 2881 568 2937 in
589 2880 709 2939 Christo
728 2881 950 2957 quiescentibus
969 2881 1067 2940 locum
1086 2880 1243 2958 refrigerii,
1257 2880 1342 2953 lucis,
1355 2886 1387 2939 et

179 2974 261 3052 pacis
286 2981 323 3033 nt
349 2976 502 3053 indulgeas
532 2976 731 3054 deprecamur.
787 2978 847 3037 Per
872 2978 999 3037 eundem
1033 2977 1188 3037 Christum
1221 2977 1386 3037 Dominum

180 3078 324 3130 nostrum.
366 3073 490 3145 Amen(

243 3167 340 3227 Nobis
353 3189 471 3246 quoque
484 3171 686 3248 peccatoribus
699 3171 820 3230 famulis
833 3172 903 3245 tuis,
915 3173 952 3230 de
962 3172 1157 3230 multitudine
1165 3171 1387 3231 miserationem

182 3268 305 3323 tuarum
330 3268 528 3343 sperantibus,
556 3275 672 3346 partem
699 3269 830 3346 aliquam
856 3275 888 3327 et
914 3269 1085 3328 societatem
1109 3269 1220 3327 donare
1245 3265 1387 3345 dignuin,

184 3380 253 3419 cum
276 3363 338 3420 tuis
364 3366 475 3423 sanctis
498 3367 653 3443 Apostolis
676 3371 707 3425 et
730 3365 926 3440 Martyribus,
956 3385 1024 3423 cum
1050 3365 1197 3437 Johanne,
1225 3363 1389 3441 Stephano,

185 3457 328 3531 Matthia,
351 3460 498 3535 Bernaba,
521 3462 651 3540 Ignatio,
676 3461 858 3534 Alexandro,
888 3460 1073 3534 Marcellino,
1097 3461 1199 3535 Petro,
1223 3460 1390 3533 Felicitate,

184 3552 344 3630 Perpetua,
363 3557 494 3634 Agatha,
516 3558 617 3630 Lucia,
633 3557 760 3634 Agnete,
781 3556 909 3631 Caecilia,
926 3557 1097 3631 Anastasia,
1117 3563 1235 3616 etcum
1251 3556 1390 3615 omnibns

184 3648 302 3709 Sanctis
332 3652 407 3711 tuis:
441 3653 522 3712 intra
552 3674 679 3733 quorum
707 3674 762 3714 nos
791 3655 974 3713 consortium
1003 3674 1065 3713 non
1098 3654 1250 3712 atimator
1278 3650 1390 3725 meriti,

185 3747 237 3807 sed
255 3748 358 3821 veniae,
378 3769 556 3826 quaesumus,
576 3752 700 3830 largitor
719 3751 854 3810 admitte.
896 3751 956 3811 Per
969 3752 1122 3812 Christum
1140 3751 1309 3810 Dominum
1325 3766 1390 3809 nce·

185 3849 276 3906 trum
318 3848 428 3906 Amen.

247 3942 307 4001 Per
333 3962 421 4021 quem
441 3944 634 4018 haecomnia,
662 3944 799 4018 Domine,
827 3963 943 4022 semper
968 3945 1048 4004 bona
1066 3963 1149 4004 creas
1174 3940 1389 4025 sanctiaxdcu,

185 4039 368 4120 viviffeficas,
381 4040 581 4122 beneffldicis,
595 4049 627 4100 et
639 4048 762 4119 prestas
774 4042 867 4102 nobis.

248 4138 307 4195 Per
324 4137 469 4218 Ipffnsum
486 4146 517 4198 et
533 4158 601 4197 cum
619 4137 730 4219 Ipelnso
743 4147 774 4200 et
787 4140 820 4198 in
833 4138 946 4221 Ipvxeso
959 4138 1076 4199 esttibi
1089 4138 1156 4197 Deo
1169 4136 1258 4195 Patri
1269 4130 1391 4214 ananiel<

186 4234 303 4306 potenti
315 4235 349 4292 in
362 4235 480 4293 unitate
496 4232 675 4314 Spiritus&
683 4235 787 4296 Sancti
806 4237 903 4297 omnis
922 4237 1019 4297 honor
1031 4243 1063 4296 et
1075 4235 1178 4315 gloria.
1220 4233 1283 4294 Per
1294 4230 1391 4293 omni·

185 4329 295 4388 saeua
307 4332 488 4392 seculorum.
