2850 4800
552 304 706 371 rarae
719 300 830 369 casa
842 298 1018 387 ummo.

327 591 368 649 Iu
388 590 488 649 Fnsro
508 603 603 648 umus
622 584 776 646 Arosrom
796 602 835 645 ar
855 600 1255 647 summasunmna

246 723 426 801 Antiphone.
1422 798 1424 803 Ι

247 821 336 879 Beati
359 820 450 894 eritis,
464 839 533 879 cum
553 838 607 878 vos
630 819 747 877 oderint
767 818 902 875 homines
924 822 1045 877 etcum
1067 820 1276 895 separaverint
1292 826 1384 881 vocat

186 919 432 996 exprobraverint
454 923 486 976 et
508 917 648 993 ejecerint
674 935 783 974 nomen
807 921 941 973 vestrum
964 920 1110 992 tanquam
1131 916 1250 977 malum
1270 924 1383 997 proptor

185 1016 300 1074 Filium
312 1014 441 1073 hominis
449 1032 459 1087 3
478 1012 605 1091 gaudete
618 1017 649 1070 et
661 1011 804 1085 exulata,
818 1028 884 1069 ecce
897 1010 979 1068 enim
997 1028 1109 1069 merces
1124 1017 1226 1072 vesus
1236 1012 1381 1073 multam

186 1112 313 1171 incaelo.
1181 1148 1184 1153 -

248 1210 295 1267 De
307 1206 443 1284 apostolas
456 1205 701 1281 Neapocrsora'am:

247 1305 337 1364 (lives
363 1302 562 1381 apostolorum
586 1307 616 1360 et
639 1300 793 1359 domestici
819 1298 879 1359 Dei
896 1298 1090 1358 'advenerunt
1108 1298 1209 1375 hodie,
1229 1300 1378 1361 Parenta

186 1404 282 1462 facem
295 1408 326 1460 et
338 1402 542 1460 illuminantes
561 1399 698 1475 patriam,
713 1397 783 1456 dere
796 1416 898 1474 pacem
910 1396 1049 1474 gentibus
1061 1401 1093 1454 ot
1105 1396 1236 1457 liberare
1246 1398 1378 1477 populun
1422 1416 1424 1463 ;

187 1499 320 1558 Domini.
362 1497 477 1556 Audite
496 1515 596 1573 preces
616 1495 781 1572 supplicum
794 1495 866 1553 vita
886 1498 1004 1553 aeternae
1023 1499 1178 1570 poscentes
1191 1496 1321 1573 praemia,
1333 1495 1378 1575 qui

184 1595 271 1653 fertis
284 1595 317 1650 in
330 1592 445 1651 dextris
462 1591 629 1668 manipulos
645 1591 773 1667 justitiae
797 1590 909 1667 quique
931 1590 1093 1667 gaudentes
1112 1590 1279 1651 advenistis
1289 1590 1375 1652 hodie

186 1689 354 1748 Portantes.

248 1784 352 1842 Gloria
366 1782 452 1840 Patri
465 1789 497 1841 et
508 1782 587 1840 Filio
601 1788 632 1840 et
646 1781 773 1858 Spiritui
786 1780 902 1840 Sancto.
946 1780 1114 1843 Portantes.

191 1879 221 1940 V.
237 1879 466 1958 (sacerdotalia).
509 1879 550 1937 In
562 1898 681 1937 omnem
694 1882 805 1936 terram
818 1877 916 1936 exivit
927 1895 1017 1936 sonus
1030 1896 1142 1939 eorum.

249 1976 359 2035 Oratio.

248 2073 432 2145 Quaesumus,
457 2072 644 2148 omnipotens
670 2072 763 2145 Deus,
788 2077 825 2130 ut
846 2072 952 2131 beatus
975 2072 1015 2132 N
1041 2026 1193 2149 apostolus
1218 2080 1308 2135 tuum
1331 2094 1379 2155 pro

185 2170 271 2228 nobis
292 2170 431 2246 imploret
452 2169 607 2240 auxilium,
622 2174 658 2226 ut
671 2188 690 2225 a
702 2169 813 2226 nostris
833 2169 967 2227 reatibus
987 2168 1118 2227 absoluti
1130 2189 1148 2228 a
1161 2172 1278 2231 ctmctis
1297 2174 1380 2233 etiam

183 2265 322 2341 periculis
336 2284 482 2322 eruamur.
526 2265 586 2322 Per
599 2264 753 2322 Christum
767 2264 932 2321 Dominum
944 2269 1087 2323 nostrum.
1130 2264 1242 2326 Amen.

143 2365 145 2369 ’
246 2361 452 2420 Plurimorum
465 2361 666 2437 apostotolos.
711 2360 821 2419 Oratio.

248 2459 330 2516 Deus
354 2458 406 2534 qui
429 2477 483 2514 nos
507 2477 606 2515 annua
633 2455 833 2533 apostolorum
858 2435 980 2514 tuorum
1002 2455 1044 2513 N.
1068 2460 1100 2515 et
1122 2455 1163 2516 N.
1188 2458 1381 2521 sollemnitate

186 2555 336 2622 laetificas;
365 2559 474 2631 praesta
496 2559 532 2611 ut
555 2572 681 2630 quorum
704 2552 865 2630 gaudemus
885 2552 1011 2626 meritis,
1030 2552 1216 2613 instruamur
1234 2557 1380 2636 exemplis-

188 2652 247 2708 Per
261 2651 414 2708 Christum
427 2649 592 2708 Dominum
605 2656 748 2707 nostrum.
791 2649 902 2706 Amen.

522 2880 562 2938 Iu
582 2880 682 2937 Fasro
702 2894 795 2937 arms
817 2879 1048 2938 Evmsnmsrn.

247 2960 480 3036 Reapcnaorium.

249 3057 400 3127 Quattuor
413 3056 553 3114 animalia
565 3055 652 3114 ibant
665 3061 696 3113 et
709 3055 937 3121 revertebantur
957 3056 991 3113 in
1012 3054 1241 3115 similitudinem
1261 3057 1380 3137 fulguris

87 3224 90 3229 Ι
187 3154 375 3225 coruscantis,
390 3159 421 3211 et
433 3159 498 3211 erat
510 3154 544 3211 in
557 3154 653 3211 medio
672 3152 811 3229 splendor
823 3152 909 3229 ignis,
924 3153 967 3210 Et
979 3152 1016 3211 de
1029 3153 1097 3230 igne
1109 3152 1214 3231 fulgur
1225 3156 1379 3233 medana

192 3252 223 3314 V.
248 3252 323 3309 Erat
346 3257 448 3310 autem
471 3252 556 3328 quasi
578 3252 654 3309 visio
677 3250 843 3308 discurrens
861 3250 895 3308 in
914 3250 1011 3309 medio
1035 3255 1179 3328 quattuor
1201 3251 1378 3313 animalium.

187 3347 230 3406 Et
243 3348 310 3405 dei
351 3367 374 3406 e.

248 3367 351 3503 Glor‘ile
364 3445 451 3503 Patri
464 3450 495 3505 et
507 3444 587 3503 Filio
600 3450 631 3503 et
645 3443 772 3520 Spiritui
786 3443 901 3503 Sancto.
943 3442 985 3502 Et
999 3443 1035 3502 de
1054 3441 1132 3521 igne.

547 3673 588 3731 Ir
607 3672 707 3732 Fasro
726 3689 821 3732 umus
842 3673 1019 3732 Marma.

245 3753 479 3830 Responaoriwn.

245 3846 910 3925 VrrmchtusN,martyrDom1mpretrosus
921 3869 1075 3908 succensus
1084 3848 1154 3927 igne
1165 3848 1265 3911 dinni
1276 3850 1380 3913 amoris

184 3951 353 4005 constanter
374 3947 519 4004 sustinuit
538 3945 683 4022 supplicia
702 3946 854 4022 passionis,
879 3947 920 4005 Et
941 3967 995 4023 per
1017 3947 1238 4009 immanitatem
1257 3955 1381 4011 tomu-

183 4045 283 4101 torum
296 4041 482 4118 pervenitad
495 4041 664 4099 societatem
678 4040 856 4117 angelorum

243 4135 286 4195 Ia
299 4144 422 4213 torpore
435 4136 593 4196 Pcaclacli:
587 4135 763 4213 ·Alleluya.

244 4232 337 4309 Cujus
355 4233 525 4291 intercessio
546 4233 631 4291 nobis
651 4232 785 4290 obtineat
798 4231 924 4305 veniam,
940 4231 994 4310 qui
1006 4251 1060 4310 per
1071 4238 1225 4296 tormenta
1239 4236 1381 4315 paedoris

182 4332 323 4387 sternam
336 4329 447 4386 meruit
459 4328 589 4408 palmam
600 4334 630 4388 et
644 4328 853 4405 sempiternam
866 4346 1013 4388 coronam.
1041 4329 1083 4389 Et
1092 4331 1378 4408 perimmanitatcm.
