2850 4800
184 297 246 361 136
571 295 797 362 Dominicai.
813 295 998 363 Adventus.

177 460 293 539 justum
305 480 314 534 3
339 467 370 518 et
388 459 526 538 regnabit
545 479 608 533 rex,
632 465 664 518 et
683 461 800 536 sapiens
824 461 890 535 erit,
916 467 947 520 et
969 462 1058 522 faciet
1078 463 1227 540 judicium
1246 469 1278 523 et
1298 465 1389 541 justi·

181 556 256 613 tiam
276 557 308 613 in
328 562 416 615 terra.
460 557 502 614 Et
514 557 570 615 hoc
588 563 633 615 est
646 576 754 616 nomen
768 557 847 634 quod
860 558 1010 616 vocabunt
1026 578 1104 633 eum,
1119 560 1269 627 Dominus
1284 561 1388 637 justus

182 657 293 711 noster.

184 748 213 808 V.
233 748 278 832 ¹Iu
290 749 393 808 diebus
406 749 466 808 illis
479 750 643 809 salvabitur
655 750 678 809 J
679 751 738 809 uda
751 757 782 810 et
795 750 890 810 Israel
903 751 1054 811 habitabit
1067 753 1258 814 confidenter.

244 847 286 904 Et
299 846 354 905 hoe
368 854 414 905 est
426 867 543 906 nomen.

243 943 346 1002 Gloria
359 943 444 1002 Patri
458 949 488 1010 et
502 943 580 1002 Filio
594 948 625 1002 et
640 943 767 1022 Spiritui
780 943 897 1006 Sancto.

242 1040 284 1099 Et
298 1041 354 1099 hoc
367 1047 412 1099 est
425 1059 542 1099 nomen.

187 1135 216 1196 V.
240 1135 470 1216 (sacerdotalis)
501 1138 615 1197 Emitte
628 1139 761 1216 Agnum‚
776 1139 914 1214 Domine,
929 1139 1145 1199 dominatorem
1156 1147 1255 1200 terrie.

244 1233 354 1296 Oratio.
1300 1299 1303 1305 .

240 1331 358 1404 Excitet,
374 1333 512 1406 Domine,
525 1333 691 1409 potentiam
703 1339 788 1392 tuam
802 1341 833 1393 et
846 1333 925 1407 veni,
940 1340 976 1393 ut
989 1336 1027 1394 ab
1041 1334 1268 1395 imminentibus
1286 1354 1386 1414 pecca·

178 1433 279 1487 torum
300 1435 471 1487 nostrorum
492 1431 630 1506 periculis
650 1436 681 1489 te
701 1450 868 1490 mereamur
887 1436 1063 1510 protegente
1084 1433 1168 1511 eripi,
1188 1439 1221 1492 te
1239 1433 1385 1494 liberante

178 1526 294 1584 salvari.
339 1527 399 1595 Qui
412 1527 491 1584 vivis
505 1533 535 1585 et
549 1546 662 1604 regnas,
677 1536 704 1586 et
717 1536 815 1588 cetera.

237 1621 351 1681 Deinde
370 1623 468 1682 redeat
487 1625 635 1684 Proeessio
655 1625 691 1684 in
711 1624 843 1685 Ohorum
864 1645 930 1686 curn
949 1627 1142 1704 Resportsmic
1154 1626 1200 1687 cel
1210 1625 1386 1705 Aethrione

176 1715 212 1775 dc
230 1715 337 1776 Sancto
357 1717 412 1777 loci
433 1737 500 1778 cum
526 1720 668 1780 Vasiculo
689 1729 716 1780 et
738 1719 876 1781 Oratione
894 1723 930 1781 ele
951 1723 1055 1798 eodem,
1070 1733 1097 1784 et
1117 1723 1312 1784 arammeh
1324 1724 1386 1784 Per

178 1812 331 1872 Christum
345 1814 520 1874 Dominum.

50 2157 53 2161 ·
175 2145 236 2184 non
260 2124 438 2202 Dupliciter
454 2145 509 2201 per
530 2145 645 2183 arenam
669 2145 736 2183 eum
749 2124 812 2184 suis
829 2122 1009 2202 Antiphonis
1028 2123 1073 2184 ael
1090 2124 1294 2203 Responsoriis
1313 2147 1381 2187 cum

178 2204 317 2265 Oratione
331 2213 358 2265 et
377 2206 473 2266 Versu.

235 2285 258 2342 I
256 2306 277 2343 n
291 2286 450 2345 Dominica
461 2294 556 2344 tannen
570 2306 589 2343 a
599 2285 816 2362 Septuapesima
829 2304 920 2361 usque
933 2285 1377 2362 siumeuroaemensium

179 2365 282 2425 Versus
299 2375 369 2443 post
389 2365 590 2443 natatoriam
614 2367 649 2424 in
671 2366 738 2441 ipsa
761 2365 885 2424 statione
907 2365 949 2423 ad
967 2366 1095 2440 praelum
1119 2374 1187 2426 ante
1209 2365 1334 2427 Orucem
1357 2388 1377 2427 a

173 2447 286 2505 duobus
310 2446 430 2507 Olericis
456 2447 491 2505 cle
517 2446 644 2506 secanda
661 2445 767 2521 forma
794 2446 835 2502 acl
856 2445 1003 2521 populum
1026 2447 1167 2506 caucasis
1189 2445 1294 2506 halitu
1315 2467 1377 2508 non

176 2536 298 2585 mutato.

232 2605 375 2666 Similiter
388 2627 408 2664 a
421 2606 580 2665 Dominica
600 2605 636 2665 ab
654 2605 768 2666 Oetacis
782 2604 903 2664 Pascha
922 2623 1015 2682 usque
1035 2605 1076 2666 aa
1091 2605 1261 2682 pronmtmn
1274 2607 1374 2668 Domi·

171 2687 270 2745 nicam
292 2696 359 2746 ante
381 2687 583 2746 Ascensiorum
604 2687 729 2746 Domini
752 2685 863 2744 dicitur
889 2683 993 2746 Versus
1015 2706 1035 2744 a
1060 2685 1173 2745 duobus
1198 2686 1320 2747 Olericis
1341 2689 1377 2748 dc

171 2766 408 2842 secundasorma
421 2768 462 2824 ad
469 2766 616 2843 populum
630 2767 779 2840 monarcis,
793 2765 828 2824 in
840 2764 1051 2842 superpelliceis
1068 2785 1166 2826 coram
1180 2765 1283 2826 Oruce.

231 2845 271 2904 In
288 2847 426 2921 proniora
445 2845 604 2906 Darniniaa
625 2855 692 2905 ante
715 2846 918 2906 Ascensianem
941 2846 1067 2906 Domini
1088 2846 1210 2906 duntur·
1233 2847 1337 2907 Varus
1354 2869 1374 2908 a

171 2925 265 2985 tribus
292 2928 326 2985 ale
352 2925 497 3002 superiori
517 2927 616 3001 praela
642 2927 676 2984 in
696 2927 814 3003 pulpito
841 2927 882 2986 acl
903 2926 1050 3003 populum
1076 2927 1225 2987 comersis.
1278 2928 1321 2987 Et
1346 2929 1374 2988 si

170 3006 332 3082 Episcopus
347 3007 382 3065 in
400 3006 455 3064 hac
468 3006 627 3065 Dominiea
646 3006 691 3066 uel
709 3007 744 3065 in
765 3026 938 3083 quaeratque
957 3007 1021 3066 alra
1044 3008 1169 3083 officium
1188 3017 1372 3084 exsequatur,

169 3086 230 3161 ipse
250 3086 374 3144 inlutus
396 3085 481 3163 Oapa
500 3085 591 3146 serica
611 3106 678 3146 cum
693 3086 790 3146 Mitra
808 3096 835 3147 et
854 3086 966 3147 Baculo
984 3107 1020 3146 ac
1038 3088 1173 3148 manibus
1192 3088 1372 3164 supradicta

171 3166 321 3225 Ministris
331 3166 374 3225 acl
384 3167 605 3226 iamdictionem
618 3187 703 3243 aazia
715 3167 784 3227 solet
798 3167 928 3228 Oharum
940 3169 1054 3227 intrare
1060 3189 1074 3239 ;
1095 3168 1148 3244 qai
1160 3168 1234 3227 aaa
1238 3171 1281 3244 fit
1294 3167 1371 3229 bare

169 3247 258 3305 elictio
272 3247 344 3305 salis
357 3255 383 3305 et
396 3267 481 3323 aquae
494 3267 514 3306 a
526 3246 679 3308 Sacerdote
691 3256 726 3306 ut
738 3247 914 3324 praedicitur
932 3247 974 3308 ael
995 3247 1048 3308 hoe
1059 3249 1173 3319 incluto,
1187 3247 1223 3306 in
1234 3249 1332 3309 sedem
1343 3269 1372 3310 cc

170 3327 291 3403 recipiat
308 3327 502 3404 episcopalem,
515 3326 612 3404 ibique
628 3337 697 3406 post
714 3328 906 3406 amasiorum
918 3327 1098 3406 principalia
1109 3325 1224 3387 Ataia
1240 3349 1262 3387 a
1274 3328 1373 3389 Sacer-

139 3436 143 3444 ·
170 3407 233 3466 dote
245 3406 372 3482 factam,
388 3417 450 3484 tarn
463 3406 628 3468 Omsanicos
640 3429 731 3486 quam
750 3414 851 3468 ceterm
870 3408 985 3468 aleriam
1006 3408 1048 3469 acl
1070 3409 1164 3468 sedem
1185 3408 1374 3487 episcopalem

170 3487 329 3548 camara
348 3489 433 3547 mocio
456 3496 482 3546 et
504 3489 607 3548 ordine
625 3490 766 3566 predicto
789 3496 944 3566 asperpat;
968 3496 1070 3548 ettam
1089 3487 1269 3548 Versicuium
1281 3508 1372 3565 queam

172 3567 341 3628 Orationem
358 3577 426 3645 post
446 3568 648 3646 Antiphonem
671 3570 819 3647 Aspcrges
842 3578 937 3628 meet
956 3577 1024 3645 post
1046 3569 1235 3629 repertionem
1257 3569 1373 3631 Proces-

169 3649 261 3709 sionis
270 3650 305 3708 in
316 3648 446 3723 Ohorum
454 3649 533 3708 duat
543 3650 595 3708 ubi
603 3651 690 3710 dehet.
731 3649 800 3726 Ipse
809 3649 943 3708 similiter
952 3650 988 3708 in
996 3647 1162 3708 Dominicis
1169 3667 1225 3726 per
1234 3657 1370 3723 mutent,

169 3730 197 3789 si
216 3731 341 3806 offiaum
354 3729 536 3808 (cubamus
548 3730 586 3790 sit
606 3731 707 3790 Missa
720 3730 764 3790 rel
776 3749 844 3789 aum
865 3728 967 3788 Oratio
980 3729 1099 3790 dicatur
1118 3729 1291 3790 insertione
1304 3738 1373 3791 aaa

141 3836 145 3846 ·
170 3808 302 3882 Crucem,
328 3810 467 3870 Sacerdos
491 3831 558 3871 eum
576 3811 727 3888 praeliatas
750 3811 791 3870 acl
816 3810 1030 3882 Processimum
1050 3809 1169 3890 uestitus
1184 3828 1285 3886 preces
1306 3829 1373 3870 cuna

170 3890 362 3951 Orationibus
382 3892 564 3967 sequentibus
586 3891 698 3952 easdem
718 3891 791 3950 ilicet
804 3910 883 3950 more
895 3890 1001 3962 solito,·
1020 3897 1123 3967 etpost
1134 3891 1326 3951 reensionem
1338 3890 1372 3951 in

170 3969 306 4045 mana,
321 3971 393 4031 aaa
413 3971 486 4031 tora
506 3971 594 4031 meta
606 3981 633 4031 a
645 3980 724 4032 saca
748 3979 867 4030 aaran
878 3970 987 4046 focae
1001 3969 1141 4046 Pontifex
1157 3970 1263 4032 iaaac
1275 3989 1305 4031 a
1315 3989 1371 4046 pm

168 4051 271 4112 Missa.
314 4050 350 4111 Si
372 4071 437 4112 uero
460 4053 621 4129 Episcopus
642 4059 786 4112 exsecutor
807 4051 893 4126 officii
915 4071 977 4110 non
993 4049 1099 4125 suerit,
1122 4060 1193 4111 tiam
1212 4051 1248 4110 in
1265 4051 1371 4112 tana

167 4132 294 4192 macac·
317 4152 384 4191 cum
404 4131 570 4192 chirothecis
592 4141 688 4191 mmm
702 4139 728 4190 et
741 4131 842 4190 bacuhr
862 4130 975 4191 clerim
987 4139 1023 4189 ut
1035 4150 1128 4208 supra
1141 4140 1300 4208 amaeam
1319 4130 1371 4191 aa

165 4213 201 4272 in
213 4212 396 4272 Processicne
409 4231 476 4271 cum
490 4211 575 4289 Oapa
594 4212 687 4272 serica
707 4231 772 4270 aar
785 4211 882 4271 Mitra
899 4218 926 4271 et
938 4211 1051 4272 Baculo
1064 4231 1173 4287 umper
1185 4213 1220 4271 in
1225 4215 1291 4288 fine
1297 4230 1368 4290 pro·

166 4292 267 4352 cedat:
287 4299 314 4352 et
321 4292 483 4368 predatus
495 4291 635 4353 Sacerdos
647 4291 891 4352 labdonmdarius
903 4311 990 4369 asper
1002 4292 1104 4352 maara
1117 4301 1291 4370 assequatur
1303 4310 1369 4370 qua

167 4371 210 4432 aa
220 4371 433 4433 Processionem
440 4373 590 4450 pertinent
604 4371 662 4433 hren
675 4380 701 4433 et
714 4371 817 4432 habitu
830 4381 970 4432 connato.
