2850 4800
153 276 214 342 98*
508 266 852 339 Mcacatrodcoaoo
864 268 1007 341 Sermo.

153 439 292 498 dictionis
316 438 476 496 infundas:
503 445 539 496 ut
560 437 640 496 hunc
665 437 817 509 amictum,
841 436 886 495 cel
906 436 1019 510 albam,
1043 436 1091 497 cel
1111 438 1296 509 cinctorium,
1314 432 1346 495 od

153 520 347 595 manipulum,
371 519 417 577 vel
437 518 636 589 dalmaticam,
659 518 704 576 cel
725 517 883 593 planetam,
907 516 954 575 rel
974 516 1127 594 pluviale,
1149 518 1255 577 divino
1273 514 1348 577 cultui

152 606 359 676 pueparatum,
381 599 495 656 virtute
523 599 626 656 Sancti
653 598 783 674 Spiritus
802 594 1038 677 beneffldicere,
1062 604 1098 657 et
1127 596 1348 679 sanctiffllicata

151 689 242 755 atque
256 678 472 758 consefflcroro
485 679 623 755 digneris.
666 679 708 736 Et
724 678 861 736 omnibus
874 677 917 735 cis
930 679 1096 738 utentibus
1116 676 1349 755 graticmmucti·

151 760 297 817 ficationis
312 760 386 817 sacri
399 760 535 835 mysterii
547 760 594 816 tui
607 760 753 834 benignus
772 758 905 827 concede,
918 758 1003 815 utin
1024 766 1197 837 conspectu
1209 766 1262 819 tuo
1273 756 1349 817 mor·

150 847 181 896 et
194 840 378 897 immaculati
389 847 480 915 atque
490 840 748 916 irreprehensibles
762 844 931 915 appareant,
942 843 974 897 et
987 838 1148 899 auxilium
1162 838 1349 901 misericordi!

150 928 209 978 tuae
223 921 386 997 acquirant.
430 921 489 978 Per
503 920 674 977 Dominum.

571 1138 762 1198 Barnmcno
781 1156 923 1199 aurosus.
972 1216 976 1223 Ι

209 1245 340 1304 Oremus
385 1244 495 1303 Oratio.

207 1324 384 1404 Bene>1<dic
399 1325 527 1383 Domine
537 1344 714 1401 quaesumus,
726 1327 911 1403 omnipotens
921 1326 1014 1399 Deus,
1026 1326 1184 1387 amictum
1196 1328 1287 1387 istum
1296 1332 1343 1383 ar

146 1406 258 1463 levitici
268 1425 357 1481 quam
367 1405 555 1463 sacerdotalis
568 1406 675 1463 officii:
695 1412 726 1463 et
736 1408 860 1464 concede
873 1406 1030 1482 propitius,
1044 1414 1085 1465 ut
1098 1408 1283 1485 quicumque
1292 1422 1343 1465 cun

146 1485 238 1561 capiti
252 1505 304 1542 suo
314 1486 498 1563 imposuerit,
508 1485 745 1544 benedictionem
758 1493 842 1545 tuam
855 1487 988 1564 accipiat,
1003 1487 1112 1565 sitque
1126 1490 1163 1547 in
1172 1490 1233 1549 fide
1245 1486 1342 1557 solidus

147 1571 177 1623 et
190 1566 357 1624 sanctitatis
370 1566 530 1642 gravedine
544 1566 694 1625 fundatus.
738 1567 798 1626 Per
814 1567 983 1626 Dominum

591 1802 781 1860 Bnrnmorro
808 1818 903 1861 annm

207 1898 341 1956 Oremus.
386 1898 496 1956 Oratio.

205 1978 287 2036 Deus
301 1978 420 2036 invictae
435 1978 558 2036 virtutis
572 1986 683 2052 auctor,
698 1985 729 2037 et
749 1979 883 2036 omnium
896 1998 997 2037 rerum
1017 1985 1142 2039 creator
1154 1988 1188 2041 et
1201 1982 1354 2041 sanctifi&
1417 1974 1419 1981 ¹

144 2065 199 2130 tor,
219 2059 340 2116 intende
360 2060 515 2135 propitius,
530 2066 565 2116 ut
585 2061 683 2117 albam
703 2059 830 2117 leviticae
850 2079 884 2117 ac
903 2059 1096 2119 sacerdotalis
1109 2061 1219 2138 gloriae
1239 2070 1291 2125 tuo
1307 2078 1343 2121 ou

144 2139 263 2215 proprio
273 2138 501 2218 beneffldicere,
518 2139 747 2219 sanctifflficare
757 2145 848 2217 atque
860 2138 1079 2218 consefflcrare
1090 2140 1240 2219 digneris,
1251 2160 1345 2203 omn*

143 2239 201 2294 que
221 2225 387 2277 coutentes
407 2220 468 2276 tuis
481 2221 630 2295 mysteriis
650 2226 742 2296 aptos,
758 2226 789 2279 et
801 2220 860 2278 tibi
878 2220 912 2277 in
924 2239 959 2277 ea
978 2219 1087 2279 devote
1108 2228 1143 2280 ct
1162 2224 1345 2285 amicabilito¹

143 2299 313 2374 servientes,
327 2306 426 2377 gratos
440 2300 515 2358 effici
529 2301 675 2359 concedas.
718 2301 778 2359 Per
791 2301 954 2359 Dominum
967 2305 1117 2363 nostrum.

573 2526 763 2585 Bauamouo
784 2543 919 2585 clauum.

203 2623 600 2779 griiriiiidteniirddffipiterne
622 2703 714 2774 Deus,
737 2703 790 2780 qui
816 2703 921 2761 Aaron
940 2711 971 2761 et
990 2703 1061 2761 filiis
1086 2706 1153 2765 suis
1181 2706 1347 2769 sacerdotali

143 2785 308 2841 ministerio
322 2783 440 2859 cingulo
455 2804 522 2841 oum
536 2783 635 2842 balteo
645 2783 677 2840 in
687 2785 808 2841 renibus
818 2784 925 2861 stringi
933 2784 1050 2860 jussisti
1057 2802 1067 2856 ;
1088 2786 1198 2847 adesto
1213 2790 1346 2869 supplies

143 2865 275 2922 tionibus
302 2864 420 2936 nostris,
443 2870 479 2920 ut
502 2883 602 2922 omnes
625 2871 686 2922 tuae
710 2870 817 2922 sanctae
841 2864 1018 2941 operationis
1042 2865 1181 2925 ministri
1205 2870 1265 2929 hac
1287 2888 1348 2929 oona

139 2945 266 3020 justitiae
300 2945 497 3020 circumsepti,
532 2964 617 3001 renos
651 2945 825 3020 lumbosque
859 2951 960 3003 sancta
994 2945 1145 3020 pudicitia
1175 2952 1348 3029 praecingere

141 3030 279 3099 satagant
300 3031 391 3100 atque
415 3025 616 3101 praevaleant3
637 3031 784 3101 quatenus
804 3044 860 3083 nec
881 3031 970 3084 vento
988 3024 1140 3099 elationis,
1162 3048 1223 3089 nec
1250 3032 1348 3109 frigore

141 3104 312 3178 iniquitatis
326 3106 487 3177 tabescant,
503 3106 553 3163 sed
567 3105 660 3182 magis
673 3125 707 3162 ac
727 3106 821 3181 magis
834 3111 865 3163 tc
878 3105 1045 3182 opitulante
1058 3108 1240 3169 confirmari
1252 3118 1284 3171 et
1295 3130 1347 3171 cor·

143 3185 276 3241 roborari
289 3184 327 3241 ad
340 3185 397 3241 tibi
411 3185 521 3261 placita
534 3192 652 3263 queant.
696 3186 755 3242 Per
769 3186 943 3244 Dominum.

558 3390 749 3448 Bsaomorro
770 3406 929 3449 namnum.

202 3485 546 3637 giiddisnosiiiidiirine,
562 3572 662 3624 sancte
676 3566 775 3639 Pater,
790 3566 976 3644 omnipotens
988 3572 1100 3627 aeterne
1114 3568 1213 3648 Deus,
1227 3574 1343 3635 othum

142 3647 327 3723 manipulum
340 3647 416 3704 sacri
429 3646 562 3720 mysterii
573 3647 641 3704 usui
649 3652 849 3723 praeparatum
861 3646 1091 3726 bcneffldicerc,
1106 3654 1341 3735 sanotiffifieare,

139 3735 232 3805 atque
246 3726 461 3806 conse>1<crare
476 3726 612 3804 digneris.
655 3728 715 3786 Per
728 3727 900 3788 Dominum.

580 3940 774 4000 Bruamorro
795 3958 901 4001 soona

204 4041 337 4098 Oramus.
383 4037 492 4096 Oratio.

202 4120 294 4193 Deus,
316 4119 368 4194 qui
392 4119 476 4176 stolis
498 4118 739 4195 praedicatoribus
763 4120 872 4178 collum
895 4126 927 4180 et
953 4127 1057 4197 pectus
1083 4128 1204 4189 muniri
1225 4128 1337 4209 jussisti,

139 4200 251 4257 exaudi
264 4219 316 4257 nos
330 4199 493 4275 propitius:
514 4207 550 4256 ut
563 4199 741 4277 quicumque
756 4206 876 4258 tuorum
889 4201 1075 4261 sacerdotum
1090 4204 1166 4269 huie
1179 4214 1265 4273 stol„
1276 4206 1337 4271 mlh

142 4281 330 4357 subjecerint,
352 4279 494 4355 quicquid
521 4281 608 4338 corde
643 4281 768 4338 credunt
791 4282 863 4339 boni
895 4282 1056 4357 proferant,
1084 4294 1119 4345 et
1142 4292 1227 4367 quod
1252 4290 1336 4353 wbis

141 4359 320 4434 edocuerint,
334 4359 421 4418 factis
435 4360 596 4437 adimplere
610 4360 761 4422 festinent.
803 4362 862 4420 Per
875 4361 1040 4421 Dominum
1053 4374 1205 4433 nostrum.
