2866 4846
509 312 704 381 Benedictio
720 312 847 380 Fontis.

278 486 399 571 [Sancte
413 489 436 549 J
436 489 529 548 udoce
541 509 548 550 ε
572 488 667 570 ora.]*

276 586 385 645 Sancte
398 586 519 645 Antoni
532 608 539 646 ε
561 607 620 646 ora.

275 683 384 743 Sancte
398 684 557 743 Hilarior:
578 704 637 742 cra.

275 780 388 839 Omnes
402 780 498 838 sancti
512 781 718 840 Oonfessores:
742 787 833 839 orate.

274 878 386 937 Omnes
400 879 496 937 sancti
510 878 692 938 Monachiet
706 879 890 938 Heremitee:
912 885 1002 938 orate.

276 974 386 1032 Sancta
399 974 580 1052 Magdalena
595 995 602 1033 ε
626 994 684 1034 ora.

275 1069 386 1129 Sancta
400 1071 500 1128 Maria
513 1070 696 1148 AEgyptiaoa
710 1092 717 1131 τ
738 1090 798 1129 ors.

275 1167 386 1225 Sancta
399 1165 542 1224 Felicitas
555 1188 562 1226 ε
583 1186 642 1225 ora.

275 1262 386 1322 Sancta
401 1253 569 1340 Perpetua:
591 1284 651 1322 ora.

274 1359 386 1418 Sancta
399 1360 523 1436 Agatha
538 1381 545 1418 ε
569 1380 629 1418 ora.

275 1455 386 1514 Sancta
400 1456 511 1516 Lucia:
533 1477 593 1514 ora.

273 1551 385 1610 Sancta
397 1553 502 1629 Agnes
516 1574 523 1611 ε
544 1573 604 1612 ora.

272 1646 383 1706 Sancta
398 1649 527 1708 Oecilia:
548 1669 607 1709 ore.

272 1743 384 1803 Sancta
395 1744 559 1803 Anastasia
572 1767 579 1805 ε
601 1766 660 1804 ora.

272 1840 383 1900 Sancta
396 1841 569 1900 Petronella
582 1863 589 1901 ι
610 1862 669 1900 ora.

272 1937 382 1997 Sancta
396 1938 589 1997 Katharina:
610 1958 668 1996 ora,

272 2034 383 2094 Sancto
397 2035 589 2112 Margareta:
610 2056 668 2093 ora.

272 2131 381 2190 Sancta
395 2131 570 2191 christina:
591 2150 650 2188 ora.

272 2227 381 2285 Sancta
395 2227 417 2284 J
417 2227 521 2284 uliana
534 2247 541 2285 ε
562 2246 622 2284 ora.

273 2323 383 2382 Sancta
397 2323 599 2381 Scholastica:
621 2341 680 2379 ora.

273 2420 384 2478 Sancta
397 2420 548 2478 Ererildis
561 2442 568 2479 :
590 2440 649 2478 ora.

273 2515 384 2575 Omnes
398 2522 507 2575 sanctae
522 2515 685 2594 Virgines:
711 2521 800 2574 orate.

274 2613 386 2672 Omnes
400 2614 524 2672 Sancti:
544 2620 635 2671 orato.

271 2708 426 2787 Propitius
440 2716 523 2770 esto:
544 2729 632 2787 parce
644 2709 740 2781 nobis,
756 2708 894 2766 Domine.

270 2806 322 2864 Ab
336 2807 419 2865 omni
432 2807 510 2864 malo
524 2828 531 2865 ε
551 2807 645 2865 libera
657 2825 722 2879 nos,
738 2806 875 2863 Domine.

269 2904 322 2962 Ab
335 2904 454 2962 insidiis
467 2905 579 2962 diaboli
593 2925 599 2964 :
621 2904 722 2962 libera.

268 3000 298 3060 A
312 3002 479 3060 carnalibus
493 3002 665 3060 desideriis:
686 3001 787 3058 libera.

267 3098 320 3157 Ab
335 3099 473 3157 omnibus
487 3098 688 3157 immunditiis
701 3098 812 3170 mentis
826 3102 857 3156 et
871 3097 1021 3173 corporis:
1042 3099 1144 3159 libera.

266 3194 297 3253 A
309 3197 410 3254 subita
423 3203 454 3254 et
467 3201 579 3254 aeterna
592 3201 687 3253 morte
701 3216 708 3254 ε
729 3195 830 3253 libera.

267 3292 327 3352 Per
340 3294 517 3369 mysterium
530 3299 640 3352 sanctae
654 3291 875 3351 Incernationis
888 3296 949 3349 tuce
963 3311 969 3349 :
991 3290 1092 3349 libera.

266 3388 326 3447 Per
340 3390 467 3448 Orucem
481 3397 512 3448 et
526 3390 698 3448 Passionem
711 3396 796 3448 tuam
811 3409 818 3448 ε
839 3388 941 3446 libera.

266 3486 325 3544 Per
338 3494 471 3545 sanctam
485 3488 745 3546 Resurrectionem
758 3492 859 3545 tuam:
880 3487 982 3544 libera.

265 3581 326 3641 Per
339 3583 543 3643 admirabilem
557 3585 773 3643 Ascensicnem
783 3589 868 3642 tuam
881 3603 888 3641 t
908 3583 1010 3642 libera,

265 3678 324 3737 Per
337 3680 466 3757 gratiam
479 3681 583 3739 Sancti
597 3682 729 3758 Spiritus
742 3680 886 3739 Paracliti
900 3701 906 3740 :
927 3680 1029 3740 libera.

264 3775 304 3834 In
318 3776 365 3835 die
375 3779 504 3854 judicii:
526 3780 629 3837 libera.

264 3872 437 3933 Peccatores
451 3897 458 3936 :
479 3881 510 3934 te
524 3895 662 3954 rogamus
676 3877 747 3934 sudi
761 3895 823 3933 nos.

263 3968 311 4030 Ut
324 3991 426 4048 pacem
441 3978 472 4030 et
485 3973 671 4031 concordiam
686 3973 771 4030 nobis
785 3973 895 4031 dorres:
916 3977 948 4030 te
961 3991 1108 4050 rogamus.

262 4066 310 4129 Ut
330 4075 464 4127 sanctam
485 4069 648 4129 Ecclesiam
667 4075 753 4128 tuam
773 4088 876 4148 regere
896 4089 931 4127 ac
952 4069 1104 4128 defensare
1124 4067 1275 4145 digneris:

345 4168 377 4221 te
391 4183 539 4241 rogamus.

262 4257 308 4319 Ut
323 4259 467 4318 domnum
477 4259 684 4338 Apostolicum
695 4267 725 4320 et
740 4280 842 4319 omnes
853 4258 963 4337 gradus
977 4257 1115 4317 Ecclesiae
1126 4258 1159 4316 in
1173 4267 1275 4320 sancta

226 4376 231 4386 ·
342 4353 487 4432 religione
501 4373 676 4417 conservare
690 4354 822 4433 digneris
836 4374 842 4413 :
864 4356 896 4409 te
910 4369 1056 4430 rogamus.

578 4485 592 4512 ⁹
609 4484 680 4530 Yorlr
692 4483 747 4529 Ms.
