2866 4846
195 333 282 435 ⁶⁶⁹.
548 329 892 398 Maaaateaelaeara
906 327 1044 397 Sarum.

254 499 294 555 In
307 497 427 555 nomine
440 496 654 573 Apostolorum
668 502 699 554 et
712 496 892 572 Martyrum.
933 495 1040 554 Amen.

256 578 295 635 In
309 579 429 635 nomine
444 577 650 635 Confessorum
665 582 695 634 et
709 577 931 652 Episcoporum
973 576 1081 634 Amen

254 658 294 715 In
307 658 427 715 nomine
442 657 632 715 sacerdotum
645 663 677 714 et
690 657 873 726 Levitarum,
887 661 919 713 et
932 657 1066 713 omnium
1080 655 1219 714 Ecclesiae
1233 655 1398 716 Catholica

266 758 349 796 uum.
390 739 527 796 Amen'

193 738 294 875 gmin
306 819 426 875 nomine
440 818 653 874 Monachorum
673 822 704 874 et
717 815 976 874 Anachon’tarurn
1019 816 1126 874 Amen

254 898 293 955 In
306 899 426 955 nomine
440 898 602 973 Virginum
616 902 647 954 et
659 896 792 954 fidelium
805 896 984 968 Viduarum,
999 896 1086 954 hodie
1098 896 1132 952 in
1145 913 1215 972 pace
1228 896 1314 956 locus
1327 902 1397 956 tuus

192 977 265 1036 fiat:
286 983 317 1034 et
330 977 475 1034 habitatio
489 983 542 1034 tua
554 978 587 1034 in
598 976 705 1034 caelesti
719 976 916 1034 Hierusalem.
959 977 1067 1034 Amen.

253 1058 385 1116 Oremus.
429 1057 538 1115 Oratio.

253 1138 373 1213 Suscipe
392 1139 502 1213 itaque,
518 1137 655 1209 Domine,
671 1155 788 1194 servum
809 1142 897 1194 tuum
909 1136 941 1192 in
955 1137 1067 1193 bonum
1080 1142 1111 1194 et
1127 1134 1262 1193 lucidum
1281 1137 1396 1196 habita-

193 1217 293 1274 culum
306 1225 399 1275 tuum.
443 1219 551 1275 Amen.

143 1311 148 1322 '
252 1298 367 1371 Libera,
384 1298 520 1369 Domine,
536 1297 665 1354 animam
685 1297 763 1353 servi
783 1296 830 1353 tui
843 1315 882 1352 ex
902 1296 1038 1353 omnibus
1052 1296 1190 1372 periculis
1210 1295 1396 1354 infernorum

192 1377 269 1435 etde
282 1379 353 1434 locis
366 1397 518 1454 paenarum
532 1383 562 1434 et
576 1378 612 1434 de
625 1377 760 1434 omnibus
774 1376 924 1432 doloribus
938 1376 1172 1435 tribulationum.
1215 1377 1326 1434 Amen.

252 1458 367 1528 Libera,
390 1458 527 1529 Domine,
548 1458 678 1514 animam
699 1456 778 1513 servi
797 1456 852 1527 tui,
868 1458 945 1513 sicut
966 1457 1099 1514 liberasti
1119 1456 1223 1513 Enoch
1244 1462 1276 1514 11
1296 1457 1396 1513 Eliam

193 1536 230 1594 de
243 1545 368 1594 mortem
382 1537 538 1594 communi.
582 1537 689 1594 Amen.

251 1618 366 1689 Libera,
382 1618 519 1689 Domine,
534 1617 664 1674 animam
684 1615 837 1688 servitui,
859 1616 936 1672 sicut
948 1616 1082 1674 liberasti
1102 1616 1180 1674 Loth
1201 1617 1238 1674 de
1259 1616 1394 1675 Sodomis

191 1702 222 1754 et
236 1697 271 1754 de
285 1698 404 1754 flamma
417 1698 505 1772 ignis
546 1698 655 1754 Amen.

251 1777 367 1849 Libera,
392 1777 527 1850 Domine,
553 1778 682 1834 animam
706 1775 784 1833 servi
804 1775 851 1832 tui
873 1775 951 1832 sicut
971 1776 1105 1834 liberasti
1132 1776 1217 1834 Isaac
1243 1776 1280 1834 de
1304 1796 1393 1833 mann

192 1857 284 1933 patris
299 1878 346 1914 sur
337 1823 499 1914 Abrahae.
542 1858 650 1914 Amen.

249 1938 365 2009 Libera,
383 1939 520 2008 Domine,
534 1937 663 1994 animam
684 1935 828 2008 servitui,
845 1935 922 1992 siout
942 1936 1076 1993 liberasti
1096 1936 1222 2012 Moysen
1244 1937 1282 1994 de
1303 1957 1392 1995 manu

189 2017 359 2075 Pharaonis
402 2019 511 2075 Amen.

249 2096 356 2155 Libera
358 2099 518 2170 ,Domina
533 2098 662 2154 animam
682 2097 761 2189 servi
774 2095 828 2166 tui,
844 2094 921 2152 sicut
934 2095 1065 2153 liberasti
1078 2096 1101 2154 J
1101 2099 1138 2153 ob
1159 2096 1195 2154 de
1208 2097 1392 2172 passionibus

189 2178 257 2236 suis.
301 2143 409 2236 Anien.

249 2258 364 2330 Libera,
388 2259 523 2329 Domine,
545 2258 675 2315 animam
695 2257 774 2314 servi
794 2254 849 2328 tui,
871 2255 947 2312 sicut
968 2255 1101 2313 liberasti
1122 2257 1222 2314 David
1243 2257 1281 2315 de
1302 2277 1392 2315 manu

189 2337 282 2395 Golia
296 2339 376 2395 etde
391 2359 480 2396 manu
495 2338 565 2395 Saul
579 2338 663 2412 regis.
710 2338 814 2394 Amen.

181 2436 183 2441 ·
250 2419 365 2490 Libera,
390 2420 527 2489 Domine,
547 2419 675 2475 animam
697 2419 774 2475 servi
793 2421 852 2493 tui,—
864 2421 941 2478 sicut
955 2417 1089 2475 liberasti
1105 2417 1263 2474 Danielem
1277 2416 1315 2474 de
1329 2417 1394 2475 lacu

188 2498 315 2556 leonum.
358 2500 466 2556 Amen.

249 2580 364 2650 Libera,
392 2579 529 2650 Domine,
559 2579 689 2635 animam
716 2581 795 2638 servi
820 2581 876 2654 tui,
898 2581 974 2637 sicut
995 2578 1128 2636 liberasti
1148 2583 1208 2634 tres
1227 2596 1339 2652 pueros
1359 2578 1395 2635 de

188 2660 303 2716 camino
316 2660 394 2735 ignis
407 2659 545 2717 ardentis.
587 2658 695 2716 Amen.

249 2740 365 2811 Libera,
381 2740 518 2813 Domine,
533 2740 663 2796 animam
676 2740 754 2798 servi
774 2741 827 2814 tui,
843 2740 920 2798 sicut
941 2739 1075 2797 liberasti
1088 2739 1255 2796 Susannam
1268 2737 1307 2795 de
1321 2738 1395 2795 falso

189 2820 318 2877 crimine.
361 2820 468 2876 Amen.

249 2900 365 2971 Libera,
381 2900 518 2969 Domine,
530 2900 660 2956 animam
674 2901 750 2958 servi
764 2901 819 2972 tui,
834 2902 911 2958 sicut
931 2900 1065 2957 liberasti
1079 2899 1203 2957 Petrum
1216 2904 1248 2956 11
1262 2898 1395 2956 Paulum

190 2979 225 3037 de
239 2980 373 3036 vinculis.
416 2981 524 3037 Amen.

250 3059 333 3116 Sicut
346 3060 479 3116 liberasti
493 3066 607 3117 sanctos
629 3080 727 3118 servos
741 3066 809 3118 tuos
822 3061 858 3118 de
872 3050 1028 3117 tormentis
1042 3081 1048 3116 :
1069 3060 1109 3116 sic
1123 3058 1249 3115 liberare
1263 3058 1395 3135 digneris

188 3139 317 3195 animam
331 3140 409 3196 servi
418 3141 465 3196 tui
479 3140 515 3197 de
527 3141 668 3217 gehennae
677 3141 828 3213 incendiis,
844 3147 874 3198 et
888 3142 925 3197 ab
936 3141 1073 3198 omnibus
1087 3139 1237 3216 angustiis.
1282 3142 1393 3197 Amen

484 3389 804 3448 OOMMENDATIO
835 3391 1094 3448 ANIMARUM.

247 3544 395 3618 Sequatur
418 3542 639 3602 Commendatio
653 3543 842 3615 Animarum,
857 3553 883 3603 et
908 3545 1026 3603 dicatur
1040 3545 1075 3602 ia
1088 3565 1201 3603 camera
1216 3546 1261 3604 ael
1273 3548 1309 3604 ia
1324 3550 1396 3608 aula

186 3626 248 3682 siae
268 3623 436 3699 aotajaata
455 3645 563 3700 corpas,
580 3634 606 3682 et
626 3626 726 3682 caenia
746 3626 946 3699 subsequenter
966 3625 1100 3682 similiter
1113 3646 1203 3700 acque
1224 3628 1267 3684 od
1280 3648 1395 3704 proces

187 3705 297 3764 sienem
311 3705 352 3762 ad
363 3704 509 3763 1111111111
522 3714 671 3763 mortuam
685 3706 910 3781 suscipiendam.
1107 3729 1109 3732 ’

248 3786 320 3843 Ρο11
333 3787 606 3844 eamoeeadatieaeoe
620 3794 763 3860 sequatur.

247 3867 331 3942 Resp.
375 3867 537 3923 Subvenite
552 3866 734 3940 SanctiuDei,
749 3860 880 3924 et'eetera
893 3873 928 3922 at
941 3885 1042 3941 capra,
1058 3885 1084 3942 p.
1103 3867 1149 3922 92.

230 3986 231 3989 =
254 3945 365 4005 Versae.
410 3946 909 4039 81111111111011111111,1111111111
921 3955 956 4003 at
969 3967 1070 4022 capra,
1085 3947 1199 4004 ibidem.

247 4026 394 4119 Sequatur
409 4026 551 4084 Oratio
524 4046 586 4084 aeae
600 4026 746 4083 Dominus
760 4027 913 4083 vobiscum
926 4036 952 4085 11
965 4027 1027 4084 siae
1042 4027 1175 4086 Oramus

249 4106 335 4166 Orat
312 4116 359 4163 teo.
403 4107 478 4181 Tibi,
502 4107 639 4177 Domine,
660 4107 898 4164 commendamus
918 4108 1057 4181 animam,
1078 4117 1104 4165 et
1125 4116 1272 4168 eeterat
1235 4119 1272 4168 at
1292 4130 1392 4189 supra,

187 4207 215 4263 p
249 4269 382 4324 Oremus.
427 4263 513 4326 Orat'
490 4277 537 4326 teo.

246 4345 483 4404 Misericordiam
496 4355 588 4419 tuam,
606 4347 742 4420 Domine,
759 4357 785 4405 et
799 4356 889 4406 cetera
902 4357 1049 4424 utsupra,
1066 4369 1093 4424 p.
1111 4349 1157 4406 55.

245 4425 425 4500 Aateptoaa.
469 4427 618 4504 Suscipiat
631 4433 670 4500 te,
686 4437 712 4488 et
726 4437 816 4488 cetera
829 4437 978 4505 utsupra,
994 4449 1022 4505 p.
1039 4430 1084 4486 92.
