2850 4800
177 306 239 370 136
564 302 790 369 Dominicai.
805 302 990 369 Adventus.

170 469 307 548 justum3
332 475 362 527 et
381 468 518 546 regnabit
538 487 601 541 rex,
625 473 657 526 et
676 468 793 544 sapiens
817 467 883 542 erit,
908 473 940 527 et
962 468 1051 528 faciet
1070 469 1220 546 judicium
1240 474 1271 528 et
1290 470 1382 546 justi·

174 565 249 622 tiam
269 566 302 622 in
321 571 409 624 terra.
453 565 494 622 Et
507 566 563 623 hoc
581 570 626 623 est
639 584 747 623 nomen
761 564 840 641 quod
852 565 1003 623 vocabunt
1018 584 1097 638 eum,
1112 566 1262 633 Dominus
1277 567 1381 642 justus

175 666 286 719 noster.

177 757 206 817 V.
226 757 271 841 ¹In
284 756 386 816 diebus
399 758 459 816 illis
472 758 636 817 salvabitur
648 758 670 816 J
672 758 731 816 uda
744 764 775 817 et
788 757 883 816 Israel
896 757 1047 818 habitabit
1060 759 1251 820 confidenter.

237 856 279 912 Et
292 856 348 914 hoo
362 861 406 913 est
420 875 537 914 nomen.

236 952 339 1011 Gloria
352 952 438 1011 Patri
451 957 482 1018 et
496 951 574 1010 Filio
587 956 618 1010 et
633 950 760 1029 Spiritui
774 951 891 1013 Sancto,

236 1049 278 1108 Et
291 1050 347 1108 hoe
361 1056 406 1107 est
419 1068 536 1108 nomen.

180 1144 209 1206 V.
233 1144 463 1225 (sacerdotalis).
495 1147 609 1205 Emitte
621 1147 755 1224 Agnum,
770 1146 907 1221 Domine,
922 1146 1138 1206 dominatorem
1150 1153 1248 1206 terrae.

237 1244 347 1305 Oratio.
1294 1304 1297 1310 .

234 1342 352 1413 Excita,
368 1341 505 1415 Domine,
518 1341 685 1418 potentiam
697 1346 782 1399 tuam
796 1348 827 1400 et
840 1341 919 1414 veni,
933 1347 970 1401 ut
982 1342 1021 1400 eb
1034 1341 1261 1400 imminentibus
1279 1360 1378 1418 pecea-

172 1442 273 1496 torum
293 1444 464 1496 nostrorum
485 1439 624 1514 perieulis
644 1444 675 1497 to
694 1457 861 1497 mereamur
881 1443 1056 1516 protegente
1078 1439 1161 1516 eripi,
1181 1444 1213 1497 te
1232 1438 1377 1498 liberante

172 1536 288 1593 salvari.
333 1536 393 1604 Qui
406 1535 485 1592 vivis
498 1541 529 1593 et
542 1554 656 1612 regnas,
671 1543 697 1593 et
711 1543 809 1595 cetera.

231 1630 344 1689 Deinde
364 1632 462 1690 redeat
481 1632 629 1692 Processio
649 1633 684 1691 in
705 1631 837 1692 Odorem
858 1652 924 1692 carn
943 1633 1136 1710 Responsorio
1148 1631 1193 1692 od
1203 1630 1378 1710 Antr'pbona

170 1724 206 1784 de
224 1724 331 1785 Sancto
352 1725 406 1786 loci
427 1745 494 1786 cnm
520 1728 662 1788 Versicalo
683 1736 710 1788 et
732 1726 870 1788 Oratione
888 1730 924 1788 de
945 1728 1049 1804 eodem,
1064 1738 1091 1789 et
1111 1728 1304 1789 mmdcdatnr
1317 1729 1377 1788 Per

172 1821 325 1881 Christum
339 1823 514 1882 Dominum.

169 2154 231 2193 non
254 2133 432 2210 Duplicibas
449 2154 503 2210 per·
524 2153 640 2191 acinam
663 2153 730 2191 cam
743 2131 806 2191 sais
823 2129 1003 2207 Antiphonis
1022 2129 1067 2190 od
1084 2130 1288 2208 Respoasorirs
1306 2152 1375 2192 cnm

173 2214 312 2273 Oratione
326 2222 352 2273 et
371 2214 468 2274 Versa.

230 2294 272 2352 In
286 2295 444 2354 Dominica
455 2303 551 2353 tanuen
564 2314 584 2351 a
594 2292 810 2370 Septaaqesirna
823 2310 914 2368 nsque
927 2291 969 2348 ad
980 2291 1242 2368 Onadraqesimam
1252 2292 1372 2351 dicaten

174 2374 277 2434 Versas
294 2385 363 2452 post
384 2374 585 2451 Antinianam
609 2374 733 2449 inipso
756 2371 1089 2446 stationeadoradam
1113 2379 1181 2431 ante
1203 2370 1328 2432 Orncem
1352 2394 1372 2431 a

168 2456 281 2514 dnobus
305 2455 425 2515 Olericis
451 2456 485 2514 de
511 2454 639 2513 secanda
655 2454 762 2529 ferma
788 2453 829 2510 ad
851 2451 997 2528 popndam
1020 2452 1162 2512 conversis
1183 2451 1287 2511 babitu
1309 2472 1372 2513 non

171 2545 235 2593 mat
257 2546 293 2594 tc.

227 2616 370 2674 Similiter
383 2636 403 2672 a
416 2615 575 2674 Dcminica
595 2613 631 2673 ab
649 2613 763 2674 Octaois
776 2611 897 2671 Pescia
917 2629 1009 2688 nsque
1029 2611 1071 2672 ad
1085 2611 1255 2688 mesanam
1268 2612 1370 2672 Domi·

166 2696 265 2754 rricam
287 2704 354 2754 ante
376 2695 578 2754 decensionem
599 2695 724 2754 Domini
746 2693 857 2752 diciten·
884 2690 988 2753 Versns
1010 2712 1030 2750 a
1054 2691 1168 2752 dnobns
1192 2691 1314 2753 narnis
1335 2695 1372 2754 de

166 2776 293 2835 secanda
297 2774 403 2849 fornia
416 2776 457 2832 ad
465 2774 611 2850 papalum
625 2774 773 2846 conversis,
788 2773 823 2830 in
835 2771 1046 2849 superpelliccis
1062 2791 1161 2832 coram
1175 2771 1277 2832 Ornce.

226 2853 266 2912 In
282 2855 421 2929 proecima
441 2853 599 2914 Dominica
620 2863 687 2912 ante
709 2853 913 2912 Ascensionem
936 2853 1061 2912 Domini
1083 2853 1204 2912 dicatar
1228 2853 1331 2912 Versae
1349 2875 1370 2912 a

167 2933 260 2993 tribas
287 2936 321 2992 de
347 2934 492 3011 superiori
512 2935 611 3009 arada
637 2934 672 2991 in
690 2933 808 3010 pulpito
835 2934 877 2992 ad
897 2932 1045 3010 nepetam
1071 2933 1220 2992 conversis.
1272 2933 1315 2992 Et
1341 2935 1370 2993 si

165 3014 327 3090 Episcopus
342 3015 376 3073 in
395 3014 450 3072 leac
463 3014 622 3073 Dominica
641 3013 686 3073 nei
704 3014 739 3072 in
759 3032 933 3090 qnacnnqae
952 3014 1016 3073 aiio
1039 3014 1164 3089 officinm
1183 3022 1368 3088 eascqaatan

164 3095 225 3170 ipse
245 3094 369 3152 indatus
391 3093 476 3171 Oapa
495 3094 587 3153 serica
606 3113 672 3153 cnm
688 3093 785 3153 Mitra
803 3103 830 3153 et
849 3093 961 3154 Bacedo
979 3114 1015 3153 ac
1033 3094 1167 3154 omnibns
1187 3094 1368 3170 supradietis

166 3175 316 3233 Ministris
326 3174 369 3233 ad
380 3175 600 3234 benedictionem
613 3194 698 3250 aqrcce
710 3174 778 3234 sdet
793 3174 923 3234 Oliaram
935 3175 1049 3234 intrare
1056 3195 1069 3245 ;
1090 3174 1143 3250 qai
1155 3174 1229 3232 dam
1233 3177 1275 3249 fit
1288 3173 1367 3234 bare·

165 3255 254 3314 dictio
268 3254 339 3313 salis
352 3264 378 3314 et
391 3275 476 3331 aqnoe
489 3275 509 3313 a
521 3253 674 3315 Sacerdote
686 3264 721 3313 nt
734 3253 909 3331 predicitur
927 3254 969 3313 ad
990 3254 1043 3315 boe
1054 3255 1168 3325 indata,
1182 3254 1218 3312 in
1230 3255 1325 3314 sedern
1338 3275 1368 3315 ss

164 3335 287 3411 recipiat
303 3335 497 3412 episcopatem,
511 3334 608 3411 ibium
623 3344 691 3412 post
709 3335 901 3413 aspernatam
913 3333 1093 3412 principalis
1105 3332 1219 3393 Altaris
1235 3354 1256 3392 a
1269 3333 1369 3394 Sacer·

135 3445 138 3453 ·
165 3416 229 3474 dcte
240 3414 368 3490 factam,
384 3425 445 3492 tam
459 3415 623 3475 Oanoniocs
635 3436 726 3493 qnam
745 3421 846 3474 ceteros
866 3415 981 3475 clericos
1002 3416 1043 3475 ad
1066 3415 1160 3474 sedem
1180 3414 1370 3491 episcopalem

165 3496 325 3556 amedentes
343 3497 428 3556 modo
451 3504 477 3554 et
500 3496 603 3556 ordine
621 3497 761 3573 praedicto
784 3502 940 3572 asperae&
963 3503 1065 3554 ettam
1084 3493 1263 3554 Versicnlnm
1276 3513 1368 3570 ortam

167 3576 336 3636 Orationem
354 3585 422 3653 post
441 3576 644 3653 Antiplcormm
666 3577 815 3654 Asperges
838 3585 933 3634 meet
951 3583 1020 3652 post
1042 3575 1231 3634 reversionem
1252 3574 1369 3635 Proces-

165 3657 256 3717 sionis
266 3658 300 3715 in
312 3656 442 3731 Odorem
450 3657 529 3716 dicat
538 3657 590 3715 nbi
599 3657 685 3716 debet.
726 3656 795 3733 Ipse
805 3656 939 3715 similiter
948 3657 983 3715 in
993 3654 1158 3715 Dominicis
1164 3673 1220 3732 per
1229 3663 1365 3729 cesinam,

165 3739 193 3798 si
212 3740 338 3814 officiam
350 3738 531 3816 (cananeas
544 3738 582 3797 sit
602 3737 703 3797 Messa
716 3737 760 3796 nei
772 3757 840 3796 cnm
861 3735 963 3795 Oratio
976 3735 1094 3797 dicotur
1114 3736 1150 3794 in
1161 3735 1286 3794 statione
1299 3744 1368 3796 ante

137 3845 141 3854 ·
167 3818 298 3891 Crucem,
324 3819 463 3878 Sacerdos
487 3838 554 3878 acm
572 3818 723 3894 predictis
746 3818 787 3877 ad
813 3817 1026 3888 Processimrem
1046 3816 1165 3896 vestitas
1180 3835 1280 3892 preces
1301 3835 1368 3875 canc

167 3899 357 3959 Orationibus
378 3899 560 3975 sequentibus
582 3897 694 3958 easdem
713 3898 787 3957 dicet
800 3916 879 3957 more
891 3897 974 3957 solda
982 3918 996 3968 ;
1016 3904 1119 3973 etpost
1130 3897 1320 3956 reversionem
1333 3897 1368 3955 ia

166 3978 302 4051 Oimrnm,
317 3981 389 4039 dam
409 3978 482 4038 bora
503 3977 590 4038 tertia
602 3987 629 4037 et
641 3987 720 4038 senta
744 3985 863 4037 cantata
875 3976 983 4052 faerit,
998 3976 1137 4052 Pontisea
1153 3976 1258 4037 inderet
1271 3995 1300 4035 se
1311 3995 1366 4050 nro

163 4060 268 4119 Missa.
310 4058 346 4119 Si
368 4079 433 4119 nero
455 4059 617 4135 Episcopus
638 4066 783 4118 emnam
803 4058 890 4132 officii
912 4078 974 4117 non
989 4056 1095 4132 faerit,
1119 4065 1189 4117 tinec
1208 4057 1243 4115 in
1261 4057 1366 4116 lueida

163 4140 290 4199 clericali
313 4160 380 4198 cam
400 4138 566 4199 ctirctiecis
588 4147 684 4197 ranna
698 4146 725 4198 ct
738 4137 838 4197 bando
858 4137 972 4198 clericos
984 4146 1124 4214 utsupra
1137 4145 1272 4214 asperam
1282 4159 1295 4208 ,·
1314 4136 1365 4196 sed

161 4221 197 4279 in
210 4220 392 4279 Processione
405 4239 472 4279 cnm
486 4218 572 4296 Oapa
590 4219 683 4278 serica
703 4238 769 4277 canc
781 4218 879 4277 Mitra
896 4227 923 4278 et
934 4217 1047 4278 Bocnlo
1060 4237 1168 4293 semper
1181 4218 1216 4276 in
1221 4220 1286 4292 fine
1293 4236 1363 4294 nro-

163 4300 264 4360 cedat:
283 4308 310 4360 et
317 4300 479 4376 praedictas
491 4298 631 4360 Sacerdos
643 4297 887 4358 hebdomadarius
899 4318 987 4376 morer
999 4299 1100 4359 annea
1113 4306 1287 4374 easeqnatnr
1299 4316 1364 4374 qnos

164 4379 206 4440 ad
217 4379 429 4440 Processionem
436 4380 587 4458 pertinent
600 4377 659 4439 loco
671 4386 698 4439 et
710 4378 814 4439 tabita
827 4388 967 4439 censente.
