2850 4800
121 325 184 387 198
401 318 451 383 Io
464 315 519 382 dio
533 312 1044 401 Assumptiooisbeotollom'oe.

125 501 155 562 V.
179 500 226 558 ru
239 519 280 573 es,
290 499 390 576 inquit
402 499 517 569 Petrus
530 497 667 555 Christus
680 495 777 553 Filius
789 495 850 554 Dei
858 494 929 554 vivi
963 495 1161 571 Respondens
1175 496 1324 558 Dominus

118 599 171 671 ait,
186 597 229 654 Et
243 615 296 673 ego
314 596 379 654 dico
399 595 464 666 tibi,
480 593 552 670 quia
563 599 599 650 tn
612 612 644 650 es
657 593 774 666 Petrus,
788 599 820 650 et
837 612 926 669 snper
944 592 1021 650 hano
1034 598 1154 669 petram
1171 594 1320 655 edificabo

119 695 270 753 eeclesiam
282 713 386 750 meam.
429 693 471 748 Et
484 691 689 768 quodeunque.

125 791 155 852 V.
171 791 398 871 (modotolis).
441 790 488 848 Tu
500 809 532 847 es
545 789 663 861 Petrus,
674 793 705 846 et
718 806 807 865 super
819 786 895 845 hanc
909 791 1033 864 petram.

183 886 292 947 Oratio.

181 983 272 1055 Deus,
288 983 340 1060 qui
355 983 475 1040 beatum
496 981 622 1039 Petrum
642 980 808 1057 apostolum
821 1000 840 1037 a
851 980 980 1037 vinculis
1000 980 1174 1039 absolutum
1194 982 1311 1043 illaesnm

120 1080 201 1138 abire
228 1079 342 1151 fecisti,
371 1084 549 1150 nostrorum,
577 1096 754 1152 quaesumus,
782 1075 901 1133 absolve
923 1076 1043 1133 vincula
1069 1084 1263 1154 peeoatorum,
1283 1085 1310 1137 et

117 1178 218 1236 omnia
242 1177 321 1234 mala
347 1176 472 1234 anobis
495 1175 672 1251 propitiatus
695 1173 826 1232 exclude.
882 1173 942 1232 Per
969 1174 1124 1232 Christum
1152 1176 1306 1235 Dominum

119 1280 263 1333 nostrum.

178 1371 228 1429 Ad
240 1369 395 1428 introitum
409 1367 499 1428 Ultori
511 1366 738 1443 Iiespmmorium
747 1390 757 1426 .·
777 1365 877 1438 Petro,
891 1386 972 1425 amas
985 1386 1042 1425 me.

404 1639 444 1696 In
463 1654 518 1696 nm
537 1639 767 1695 Assuurmoms
787 1651 893 1694 enirn
913 1635 1039 1694 Minue

176 1809 218 1867 Io
231 1808 310 1866 exitu
324 1807 415 1868 Obori
428 1807 654 1883 Rospousooium
665 1831 675 1867 :

176 1905 229 1963 Ad
241 1912 350 1963 nutum
364 1905 488 1961 Domini
499 1910 635 1961 nostrum
649 1904 774 1961 ditantis
786 1903 940 1976 honorem,

178 2004 262 2061 Siout
275 2004 359 2079 spina
372 2022 477 2074 rosam,
491 2003 596 2079 genuit
608 2002 631 2059 J
631 2002 715 2059 udaea
729 2001 868 2060 Mariam.

122 2100 151 2160 V.
175 2101 223 2159 Ut
234 2100 344 2156 vitium
357 2100 453 2155 virtus
467 2099 603 2173 operiret,
616 2099 713 2174 gratia
726 2098 849 2174 culpam.
893 2096 976 2155 Siout
989 2097 1084 2172 spina.

176 2196 279 2254 Gloria
292 2195 378 2253 Patri
391 2201 421 2252 et
435 2194 513 2250 Filio
526 2201 557 2251 et
571 2194 696 2270 Spiritui
710 2192 825 2253 Sancto.
869 2192 953 2250 Siout
966 2194 1059 2269 spina.

176 2292 219 2350 Iu
232 2293 326 2351 eundo
339 2292 449 2348 dicitur
458 2315 468 2350 .·
489 2291 585 2366 Stirps
598 2291 620 2347 J
621 2310 691 2361 esse,
706 2298 732 2347 et
746 2299 845 2348 cetero.

177 2389 227 2447 Ad
239 2388 394 2447 introitum
409 2387 500 2446 Obori
512 2389 623 2445 dieitur
635 2387 807 2463 Antiphone
816 2411 827 2446 :

176 2486 322 2544 Ascendit
344 2485 479 2543 Christus
501 2505 590 2561 super
610 2485 694 2542 eaelos
711 2491 742 2542 et
759 2484 940 2561 praeparavit
960 2503 1020 2541 suae
1041 2484 1214 2543 castissime
1226 2483 1304 2543 metri

115 2582 348 2640 immortalitatis
361 2582 459 2639 locum
467 2602 477 2654 ;
497 2588 527 2638 et
540 2582 602 2638 haee
622 2587 668 2639 est
686 2582 740 2638 illa
758 2581 898 2658 praeolara
917 2582 1064 2639 festivitas
1083 2582 1222 2641 omnium
1233 2599 1305 2641 sauo-

112 2685 213 2736 torum
232 2678 446 2736 festivitatibus
468 2678 713 2753 incomparabilis,
728 2678 760 2733 in
774 2696 833 2753 qua
853 2677 979 2753 gloriosa
992 2684 1022 2734 ot
1036 2677 1110 2735 felix
1132 2679 1302 2737 mirantibus

114 2777 238 2834 coelestis
259 2775 347 2833 curiae
369 2774 522 2832 ordinibus
545 2774 583 2831 ad
600 2774 756 2831 aetherium
775 2775 912 2850 pervenit
932 2773 1106 2848 thalamum,
1122 2794 1183 2852 quo
1198 2776 1250 2854 pis
1266 2772 1305 2833 oui

114 2893 278 2931 memorum
290 2874 445 2930 immemor
457 2891 644 2948 nequaquam
657 2873 776 2929 existat.

119 2970 150 3030 V.
165 2970 355 3048 (aurudotol'
368 2969 394 3047 ).
437 2969 579 3027 Exaltata
592 2989 631 3043 es,
646 2975 747 3027 sancta
760 2968 820 3027 Dei
834 2970 979 3047 genetrix.

179 3064 288 3123 Oratio.

176 3159 356 3218 Veneranda
369 3160 462 3233 nobis,
478 3160 613 3232 Domine,
628 3160 718 3237 hujus
730 3161 791 3219 diei
804 3160 950 3219 festivitas
963 3180 1048 3238 opem
1062 3162 1200 3223 conferat
1212 3162 1306 3241 sempi-

114 3262 240 3330 ternam,
252 3257 286 3312 in
295 3276 355 3333 qua
367 3263 468 3313 saneta
478 3256 536 3313 Dei
545 3257 683 3332 genetrix
695 3263 821 3315 mortem
829 3257 922 3314 subiit
934 3258 1137 3333 temporalem,
1148 3280 1206 3320 nee
1215 3268 1307 3321 tamon

113 3353 216 3409 mortis
230 3352 356 3409 nexibus
370 3351 497 3427 deprimi
508 3352 616 3427 potuit,
631 3373 696 3428 quae
710 3352 823 3411 Filium
838 3360 931 3426 tuum,
944 3354 1109 3413 Dominum
1122 3356 1308 3433 nostrumdo

112 3468 144 3507 se
157 3449 261 3526 genuit
273 3449 468 3506 incarnatum.
512 3447 573 3518 Qui
585 3456 684 3506 teoum
697 3450 782 3508 vivit

174 3544 333 3602 Dominioo
344 3544 429 3618 infru
442 3553 477 3600 ‘ut
489 3543 524 3601 io
536 3545 592 3617 die,
607 3547 657 3602 sed
669 3546 704 3603 in
717 3546 811 3605 eundo
824 3546 936 3605 dieitur·
947 3547 1198 3623 ramme-tum.-

176 3642 202 3699 Ο
227 3642 315 3700 decus
337 3641 519 3717 virginitatis
542 3643 626 3721 virgo
649 3643 756 3718 Maria,
778 3646 841 3704 sola
864 3650 960 3703 mater
981 3645 1119 3721 innupta,
1139 3648 1228 3727 virgo
1246 3652 1309 3707 auto

111 3744 239 3816 partum,
255 3739 340 3815 virgo
352 3739 385 3794 in
398 3744 496 3814 partu,
512 3740 596 3816 virgo
609 3747 676 3816 post
688 3748 817 3817 partum,
832 3749 929 3801 mater
946 3742 1065 3812 Christi,
1079 3744 1232 3821 templum
1247 3742 1307 3817 Du,

112 3834 237 3893 Domini
249 3854 363 3911 sponsa,
380 3835 485 3891 mundi
498 3834 617 3893 domina
631 3842 661 3894 et
675 3837 740 3894 oaeli
752 3839 862 3914 regina.

115 3930 145 3990 V.
170 3930 332 4006 Virginum
341 3949 465 4005 gemma,
476 3931 624 4006 marisque
633 3932 719 3990 stella
728 3934 913 4009 praefulgens,
924 3934 1033 3992 exaudi
1046 3953 1150 4011 preees
1164 3954 1310 3999 servorum

109 4031 240 4085 tuorum.
283 4027 392 4084 Mater.

170 4120 274 4179 Gloria
287 4121 373 4178 Patri
386 4128 417 4178 et
430 4121 508 4180 Filio
521 4129 552 4180 et
566 4123 693 4200 Spiritui
710 4123 828 4184 Sancto,
878 4125 989 4185 Mater.

170 4217 211 4277 Et
224 4225 316 4277 cetera
329 4226 364 4276 ut
376 4238 475 4294 supro.
