2850 4800
328 291 495 356 Manuale
509 291 556 357 nd
570 311 674 356 amant
686 289 825 356 Soram.

136 458 242 515 Sancte
257 457 385 530 Gabriel,
402 477 452 515 ora
466 478 519 534 pro
533 457 626 515 nobis.

135 539 241 596 Sancte
255 539 398 614 Raphael,
413 559 464 595 ora
478 558 532 614 pro
545 539 638 596 nobis.

94 619 204 676 Omnes
218 621 312 676 saneti
327 620 375 675 An
379 618 437 695 geli
450 626 481 675 et
494 618 676 695 Archangeli
689 617 756 688 Dei,
771 623 853 676 orate
866 637 921 694 pro
935 617 1032 676 nobis.

94 699 204 756 Omnes
218 700 312 756 sancti
326 700 479 756 beatorum
494 699 659 774 Spirituum
675 697 809 772 Ordines,
824 704 908 757 orate
920 718 977 776 pro
990 699 1085 760 nobit.

135 780 241 837 Sancte
255 781 277 837 J
279 780 408 836 ohannes
423 780 566 855 Baptista,
582 800 632 837 ora
644 798 698 855 pro
712 780 804 838 nobis.

94 860 204 917 Omnes
218 861 313 917 sancti
326 860 506 917 Patriarchae
520 865 550 917 et
564 861 728 936 Prophetae,
744 865 826 917 orate
839 879 893 936 pro
907 858 1003 919 nobis.

135 941 242 997 Sancte
257 941 352 1011 Petre,
368 960 419 997 ora
432 960 485 1016 pro
499 941 584 997 nobis

136 1022 242 1077 Sancte
257 1021 358 1092 Paule,
374 1041 425 1077 ora
438 1040 491 1097 pro
506 1021 597 1078 nobis.

135 1102 241 1158 Sancte
255 1102 386 1172 Andrea,
403 1121 455 1158 cra
468 1120 521 1176 pro
534 1102 627 1159 nobis.

135 1182 242 1238 Sancte
255 1182 277 1238 J
279 1182 416 1253 ohannes,
433 1202 484 1238 ora
497 1201 550 1257 pro
563 1183 655 1239 nobis.

136 1262 242 1318 Sancte
255 1262 277 1318 J
278 1262 373 1334 acobe,
390 1282 441 1318 ora
454 1282 507 1338 pro
521 1262 616 1320 nobis.

135 1343 241 1398 Sancte
256 1342 376 1413 Thema,
391 1362 442 1398 ora
456 1362 508 1417 pro
522 1343 615 1399 nobis.

135 1423 241 1479 Sancte
255 1423 401 1498 Philippo,
417 1442 468 1479 ora
481 1442 535 1498 pro
548 1423 641 1480 nobis.

135 1503 242 1559 Sancte
256 1503 278 1558 J
279 1504 375 1574 scobe,
391 1523 442 1559 ora
454 1523 507 1579 pro
522 1504 614 1560 nobis.

135 1583 241 1639 Sancte
256 1583 408 1655 Matthaec,
425 1603 476 1640 ora
489 1603 543 1659 pro
556 1583 649 1640 nobis.

136 1663 242 1719 Sancte
257 1664 479 1735 Bartholomaee,
497 1683 547 1720 ora
560 1683 614 1739 pro
627 1662 721 1720 nobis.

135 1743 241 1799 Sancte
256 1743 366 1815 Simon,
382 1764 432 1801 ora
446 1764 498 1819 pro
512 1744 605 1801 nobie.

134 1823 241 1879 Sancte
256 1824 408 1897 Thaddaee,
425 1845 476 1881 ora
489 1844 542 1900 pro
556 1824 650 1883 nobis.

135 1903 243 1960 Sancte
258 1904 396 1973 Matthia,
412 1925 462 1962 ora
476 1924 528 1980 pro
543 1905 635 1961 nobis.

135 1984 242 2040 Sancte
255 1985 401 2055 Bernaba,
417 2005 467 2041 ora
481 2005 533 2060 pro
547 1985 641 2042 nobis.

134 2065 240 2121 Sancte
255 2065 364 2138 Marce,
381 2085 432 2121 ora
445 2085 498 2141 pro
511 2066 604 2124 nobis,

134 2144 241 2201 Sancte
256 2146 343 2214 Luca,
359 2166 410 2202 ora
424 2166 477 2221 pro
490 2145 582 2204 nobis.

94 2225 203 2282 Omnes
217 2227 311 2283 sancti
324 2227 463 2301 Apostoli
477 2233 507 2283 et
521 2225 727 2301 Evangelistae,
742 2231 823 2282 orate
835 2243 889 2301 pro
901 2224 998 2298 nobis.

95 2305 205 2362 Omnes
219 2307 314 2363 sancti
327 2307 475 2382 Discipuli
489 2313 518 2363 et
532 2307 719 2380 Innocentes,
734 2312 815 2363 orate
828 2324 882 2382 pro
895 2305 990 2363 nobis.

135 2386 242 2443 Sancte
257 2387 413 2463 Stephane,
430 2407 481 2443 ora
495 2407 548 2462 pro
562 2387 655 2444 nobis

135 2467 241 2524 Sancte
256 2468 339 2538 Line,
355 2487 405 2524 ora
419 2488 472 2543 pro
487 2467 578 2524 nobis.

134 2547 241 2604 Sancte
256 2547 347 2619 Olete‚
364 2568 415 2605 ora
430 2568 481 2624 pro
494 2548 587 2604 nobis.

134 2628 242 2684 Sancte
257 2628 400 2699 Clemens,
416 2648 467 2684 ora
480 2647 533 2704 pro
547 2626 640 2684 nobis,

135 2709 241 2765 Sancte
255 2708 393 2780 Fabiana,
409 2729 460 2765 ora
473 2728 527 2784 pro
542 2708 634 2764 nobis.

135 2790 242 2846 Sancte
256 2789 435 2861 Sebastiane,
450 2809 501 2845 ora
514 2807 568 2865 pro
581 2788 674 2845 nobis.

81 2891 87 2898 ·
134 2867 242 2939 Sancte
257 2869 382 2941 Albane,
398 2889 448 2925 ora
461 2889 514 2945 pro
528 2869 621 2925 nobis.

135 2949 242 3006 Sancte
257 2951 369 3019 Oosma,
386 2969 437 3006 ora
450 2970 503 3025 pro
518 2949 609 3006 nobis.

135 3029 241 3086 Sancte
256 3031 410 3102 Damiane,
425 3051 476 3087 ora
489 3049 542 3106 pro
555 3027 649 3087 nobis.

134 3109 241 3165 Sancte
255 3111 362 3179 Prime,
377 3131 427 3166 ora
440 3130 494 3186 pro
507 3110 600 3168 nobis.

134 3188 241 3245 Sancte
256 3190 409 3258 Feliciane,
424 3211 475 3248 cra
489 3210 542 3267 pro
556 3189 648 3249 nobis,

134 3268 242 3324 Sancte
256 3270 383 3345 Dionysi
397 3291 464 3327 cum
477 3271 562 3328 sociis
575 3271 645 3342 tuis,
660 3288 712 3327 ora
726 3287 778 3345 pro
792 3269 884 3327 nobie.

134 3348 241 3405 Sancte
255 3350 362 3406 Victor
376 3371 443 3407 cum
457 3352 542 3408 sociis
555 3351 625 3423 tuis,
639 3369 691 3406 ora
702 3368 756 3425 pro
769 3349 860 3406 nobis

93 3428 203 3485 Omnes
217 3431 311 3486 sancti
325 3431 482 3507 Martyres,
497 3437 579 3489 orate
592 3450 646 3506 pro
660 3430 753 3487 nobis.

132 3510 239 3567 Sancte
253 3511 404 3583 Silvester,
419 3532 470 3568 ora
483 3532 536 3587 pro
550 3512 643 3568 nobis.

133 3591 239 3648 Sancte
254 3591 322 3663 Len,
338 3612 389 3649 ora
401 3612 455 3667 pro
469 3593 562 3649 nobis.

133 3673 239 3728 Sancto
254 3673 446 3746 Hieronyme,
461 3691 512 3728 ora
526 3692 579 3747 pro
593 3671 686 3733 nobis

133 3751 240 3810 Sancte
253 3753 432 3829 Augustine,
447 3772 498 3809 ora
512 3772 565 3828 pro
579 3753 671 3820 nobis.

132 3833 239 3891 Sancte
253 3834 374 3904 Isidore,
390 3853 442 3890 ora
454 3852 508 3908 pro
521 3832 613 3890 nobis.

132 3915 239 3971 Sancte
252 3915 274 3971 J
275 3915 381 3983 uliane,
396 3933 447 3970 ora
460 3931 513 3989 pro
526 3913 618 3970 nobis.

132 3995 238 4052 Sancte
254 3995 402 4066 Gildarde,
418 4014 468 4051 ora
482 4012 535 4068 pro
548 3993 640 4051 nobis.

131 4074 239 4132 Sancte
253 4075 404 4146 Medarde,
419 4094 470 4131 ora
484 4093 537 4149 pro
550 4073 643 4130 nobis.

131 4155 238 4212 Sancte
252 4155 372 4226 Albine,
389 4174 440 4212 ora
452 4173 505 4230 pro
519 4153 612 4211 nobis.

131 4234 237 4292 Sancte
252 4236 370 4306 Eusebi,
386 4255 437 4292 ora
449 4253 503 4310 pro
517 4232 611 4292 nobis.

131 4316 238 4372 Sancte
252 4315 406 4388 Swithine,
420 4335 472 4371 ora
485 4333 538 4390 pro
551 4311 644 4371 nobis

130 4395 237 4452 Sancte
251 4396 363 4467 Birine,
378 4415 429 4453 ora
443 4414 496 4471 pro
510 4393 602 4451 nobis.
