2850 4800
536 300 586 366 Io
599 300 693 367 Festo
709 297 866 385 Oorports
881 296 1017 365 oerore.

526 564 566 623 Iu
586 564 686 622 Fumo
707 562 859 622 Gouroms
881 560 1021 622 (tamem.

232 724 254 782 I
254 746 274 782 n
287 722 367 783 exitu
381 721 472 783 Otorr·
484 720 712 799 Reopoosoriom
722 746 733 783 .·

231 822 333 881 Homo
343 821 464 898 quidem
477 820 548 879 feeit
557 840 660 879 oenum
673 840 821 901 magnam,
835 827 867 879 ot
879 820 962 880 misit
975 840 1094 880 servum
1106 840 1197 881 suum
1209 820 1288 881 horo.
1301 840 1381 882 mne

170 918 267 978 dicere
278 916 416 975 invitetis
428 921 465 974 ut
477 916 625 989 venirent,
640 916 719 987 Quia
731 922 835 993 parate
848 922 919 975 sunt
932 916 1040 975 omnis.

175 1016 205 1076 V.
227 1015 348 1087 Venite,
364 1013 509 1073 comedite
528 1033 636 1092 panem
648 1033 757 1087 meum,
779 1019 810 1072 et
829 1013 924 1074 bibite
941 1014 1047 1073 vinum
1060 1015 1141 1091 qnod
1160 1014 1270 1075 misoui
1282 1016 1377 1077 vobis.

172 1113 250 1185 Quis
263 1118 375 1191 perata.

229 1211 332 1270 Gloria
346 1210 433 1269 Patri
446 1216 477 1268 et
489 1208 568 1268 Filio
581 1214 612 1268 et
624 1209 752 1287 Spiritui
765 1209 883 1269 Sancto.
926 1209 1004 1280 Quia
1016 1214 1129 1288 parete.

172 1310 201 1369 V.
223 1307 459 1387 (sacerdotalis).
500 1308 614 1366 Panem
628 1308 665 1367 de
678 1306 748 1366 oaelo
762 1306 931 1384 praestitisti
944 1307 994 1369 oie.
1030 1316 1035 1326 “

231 1403 341 1464 Oratio.

227 1501 320 1574 Deus,
343 1501 396 1578 qui
416 1501 502 1559 nobis
522 1502 578 1559 sub
598 1505 781 1559 sacramento
808 1500 938 1559 mirabili
958 1500 1101 1579 passionis
1120 1507 1182 1561 tuse
1203 1504 1379 1565 memoriam

108 1610 112 1615 ’
167 1596 315 1673 reliquisti
325 1618 334 1671 ;
368 1597 476 1670 tribue,
501 1616 678 1673 quesumus,
699 1597 743 1654 ita
773 1616 828 1655 nos
847 1596 977 1674 eorporis
997 1602 1028 1656 et
1047 1598 1201 1675 sanguinis
1220 1600 1269 1659 tui
1295 1620 1379 1661 soors

166 1695 307 1770 mysteria
319 1695 464 1768 venerari,
486 1699 522 1751 ut
541 1693 753 1772 redemptionis
772 1699 832 1753 tuae
846 1693 977 1753 fructum
999 1694 1033 1752 in
1052 1694 1139 1754 nobis
1154 1696 1271 1776 jugiter
1288 1699 1379 1759 senti·

166 1810 259 1849 emus
303 1790 371 1860 Qui

225 1886 366 1963 Sequitur
379 1884 503 1945 Proust*

332 1985 361 2044 V.
385 1984 481 2057 Salve,
496 1983 571 2042 fests
584 1984 646 2043 dies
659 1989 724 2043 toto
737 1984 914 2044 venerabilis
928 2004 1001 2058 aevo,

420 2081 487 2152 Qus
501 2081 584 2140 Deus
598 2080 749 2141 ecelesiam
762 2082 842 2140 dieat
855 2082 967 2140 honore
980 2101 1073 2141 susm.

788 2177 909 2239 otoo.
952 2178 1048 2238 Salve.

330 2323 360 2384 Υ.
383 2324 459 2382 Eece
473 2323 535 2383 dies
548 2323 617 2382 laets
629 2328 696 2401 post
710 2322 811 2382 tristis.
822 2322 947 2383 Tartara
959 2329 1068 2402 spreta,

418 2420 524 2479 Gratis
537 2421 675 2494 sucoedit,
691 2420 808 2498 perdite
820 2421 886 2478 vite
900 2420 986 2480 redit

785 2516 906 2578 Chorus.
949 2518 1044 2578 Solve.

328 2659 357 2719 V.
380 2660 449 2718 Hoc
463 2678 567 2736 corpus
582 2659 695 2718 Christi
706 2658 824 2717 salvans
837 2659 874 2718 de
886 2659 990 2719 sunere
1002 2660 1093 2731 tristi,

415 2757 530 2815 Munna
543 2757 693 2835 figuravit,
708 2757 811 2815 littera
823 2758 920 2833 priseo
933 2758 1021 2818 canit.

782 2853 904 2913 Otoros.
947 2854 1044 2915 Salve.

326 2999 356 3060 V.
378 3001 447 3059 Hoo
460 3001 586 3059 verbum
600 2999 702 3058 Petris
715 2999 779 3057 eseli
793 2999 937 3058 formator
950 3006 982 3059 et
995 3000 1084 3073 orbis,

415 3096 492 3155 Cum
506 3098 596 3156 Patre
610 3101 717 3155 cuncte
730 3100 810 3154 orest
823 3101 855 3154 et
868 3096 979 3155 deitate
992 3097 1068 3157 beet.

778 3190 900 3252 Ultores.
944 3191 1038 3251 Solve.

323 3337 353 3398 V.
375 3337 501 3415 Angelis
515 3344 560 3395 est
573 3339 659 3415 panis
672 3357 789 3397 summe
802 3338 923 3399 refectio
938 3340 1037 3413 saeris,

412 3434 470 3492 Sed
483 3453 570 3492 sensu
584 3433 670 3492 venis
682 3435 727 3494 nil
740 3435 822 3494 velet
835 3436 892 3495 iste
904 3436 998 3514 penis.

777 3530 898 3592 otum.
942 3533 1039 3593 Salve.

321 3668 351 3728 Υ.
374 3667 443 3727 Hos
456 3687 562 3745 corpus
575 3686 679 3726 verum
694 3668 816 3726 firmans
831 3669 993 3747 primordie
1006 3691 1113 3744 rerum,

409 3766 512 3826 infero
524 3766 668 3843 confregit
682 3772 772 3844 atque
786 3767 939 3845 redempte
952 3769 1037 3847 regit

774 3861 896 3923 Cleonas.
940 3864 1035 3926 Solve.

319 4004 349 4065 V.
372 4004 505 4062 Laudem
519 4002 705 4080 complacuit,
721 4023 840 4063 samem
853 4006 918 4065 sine
931 4006 1043 4066 semine
1056 4009 1195 4086 sumpsit,

407 4100 544 4179 Virginis
558 4107 588 4160 et
601 4101 705 4160 metris
718 4103 832 4161 viscere
845 4121 927 4162 soors
940 4103 1042 4181 replet

774 4197 896 4260 otum.
940 4201 1036 4263 Solve.

368 4375 381 4402 ⁸
399 4374 453 4422 The
462 4373 559 4436 melody
568 4374 591 4421 is
600 4373 641 4421 the
652 4387 716 4422 same
726 4387 753 4422 es
762 4374 789 4422 in
801 4375 844 4422 the
855 4374 925 4423 other
935 4375 1026 4425 simnrr
1036 4377 1132 4425 Prosus
