<?xml version="1.0" encoding="UTF-8"?>
<!DOCTYPE html PUBLIC "-//W3C//DTD XHTML 1.0 Transitional//EN"
    "http://www.w3.org/TR/xhtml1/DTD/xhtml1-transitional.dtd">
<html xmlns="http://www.w3.org/1999/xhtml" xml:lang="en" lang="en">
 <head>
  <title>
</title>
<meta http-equiv="Content-Type" content="text/html;charset=utf-8" />
  <meta name='ocr-system' content='tesseract 3.04.00' />
  <meta name='ocr-capabilities' content='ocr_page ocr_carea ocr_par ocr_line ocrx_word'/>
</head>
<body>
  <div class='ocr_page' id='page_1' title='image "./manualeetproces00churgoog_0141.png"; bbox 0 0 2850 4800; ppageno 0'>
   <div class='ocr_carea' id='block_1_1' title="bbox 180 109 1009 182">
    <p class='ocr_par' dir='ltr' id='par_1_1' title="bbox 180 109 1009 182">
     <span class='ocr_line' id='line_1_1' title="bbox 180 109 1009 182; baseline -0.006 0"><span class='ocrx_word' id='word_1_1' title='bbox 180 118 242 182; x_wconf 85' lang='lat'>106</span> <span class='ocrx_word' id='word_1_2' title='bbox 553 109 803 179; x_wconf 78' lang='lat' dir='ltr'>Benedictioace</span> <span class='ocrx_word' id='word_1_3' title='bbox 827 111 1009 179; x_wconf 70' lang='lat' dir='ltr'>(leucrates.</span> 
     </span>
    </p>
   </div>
   <div class='ocr_carea' id='block_1_2' title="bbox 176 292 1355 955">
    <p class='ocr_par' dir='ltr' id='par_1_2' title="bbox 176 292 1355 955">
     <span class='ocr_line' id='line_1_2' title="bbox 179 292 1347 379; baseline -0.003 -25"><span class='ocrx_word' id='word_1_4' title='bbox 179 296 249 354; x_wconf 90' lang='lat' dir='ltr'>huic</span> <span class='ocrx_word' id='word_1_5' title='bbox 262 297 374 354; x_wconf 80' lang='lat' dir='ltr'>famulo</span> <span class='ocrx_word' id='word_1_6' title='bbox 392 302 447 354; x_wconf 91' lang='lat' dir='ltr'>tuo</span> <span class='ocrx_word' id='word_1_7' title='bbox 460 296 493 353; x_wconf 92' lang='lat' dir='ltr'>in</span> <span class='ocrx_word' id='word_1_8' title='bbox 506 300 537 352; x_wconf 91' lang='lat' dir='ltr'>te</span> <span class='ocrx_word' id='word_1_9' title='bbox 550 293 661 370; x_wconf 86' lang='lat' dir='ltr'>ubique</span> <span class='ocrx_word' id='word_1_10' title='bbox 681 293 850 363; x_wconf 88' lang='lat' dir='ltr'>confidenti,</span> <span class='ocrx_word' id='word_1_11' title='bbox 865 298 896 351; x_wconf 90' lang='lat' dir='ltr'>et</span> <span class='ocrx_word' id='word_1_12' title='bbox 908 292 1108 352; x_wconf 71' lang='lat' dir='ltr'>intercedente</span> <span class='ocrx_word' id='word_1_13' title='bbox 1125 292 1216 352; x_wconf 85' lang='lat' dir='ltr'>beata</span> <span class='ocrx_word' id='word_1_14' title='bbox 1232 292 1294 352; x_wconf 88' lang='lat' dir='ltr'>Dei</span> <span class='ocrx_word' id='word_1_15' title='bbox 1310 298 1347 379; x_wconf 40' lang='grc'>;,“</span> 
     </span>
     <span class='ocr_line' id='line_1_3' title="bbox 180 389 1349 471; baseline -0.003 -19"><span class='ocrx_word' id='word_1_16' title='bbox 180 394 254 452; x_wconf 88' lang='lat' dir='ltr'>trice</span> <span class='ocrx_word' id='word_1_17' title='bbox 277 413 450 471; x_wconf 84' lang='lat' dir='ltr'>semperque</span> <span class='ocrx_word' id='word_1_18' title='bbox 469 392 597 469; x_wconf 85' lang='lat' dir='ltr'>Virgine</span> <span class='ocrx_word' id='word_1_19' title='bbox 619 391 719 448; x_wconf 89' lang='lat' dir='ltr'>Maria</span> <span class='ocrx_word' id='word_1_20' title='bbox 744 396 775 448; x_wconf 93' lang='lat' dir='ltr'>et</span> <span class='ocrx_word' id='word_1_21' title='bbox 797 392 954 450; x_wconf 89' lang='lat' dir='ltr'>benedicto</span> <span class='ocrx_word' id='word_1_22' title='bbox 976 389 1123 450; x_wconf 87' lang='lat' dir='ltr'>Michaele</span> <span class='ocrx_word' id='word_1_23' title='bbox 1153 390 1349 469; x_wconf 75' lang='lat' dir='ltr'>archangelo.</span> 
     </span>
     <span class='ocr_line' id='line_1_4' title="bbox 180 487 1336 566; baseline -0.003 -18"><span class='ocrx_word' id='word_1_24' title='bbox 180 492 266 548; x_wconf 87' lang='lat' dir='ltr'>beato</span> <span class='ocrx_word' id='word_1_25' title='bbox 280 491 404 549; x_wconf 88' lang='lat' dir='ltr'>Juliano</span> <span class='ocrx_word' id='word_1_26' title='bbox 418 488 580 548; x_wconf 80' lang='lat' dir='ltr'>confessore</span> <span class='ocrx_word' id='word_1_27' title='bbox 601 494 655 545; x_wconf 90' lang='lat' dir='ltr'>tuo</span> <span class='ocrx_word' id='word_1_28' title='bbox 678 493 708 544; x_wconf 91' lang='lat' dir='ltr'>et</span> <span class='ocrx_word' id='word_1_29' title='bbox 722 487 859 546; x_wconf 92' lang='lat' dir='ltr'>omnibus</span> <span class='ocrx_word' id='word_1_30' title='bbox 876 489 1002 562; x_wconf 87' lang='lat' dir='ltr'>Sanctis,</span> <span class='ocrx_word' id='word_1_31' title='bbox 1016 509 1069 566; x_wconf 90' lang='lat' dir='ltr'>per</span> <span class='ocrx_word' id='word_1_32' title='bbox 1083 507 1201 546; x_wconf 89' lang='lat' dir='ltr'>omnem</span> <span class='ocrx_word' id='word_1_33' title='bbox 1214 507 1278 564; x_wconf 87' lang='lat' dir='ltr'>qua</span> <span class='ocrx_word' id='word_1_34' title='bbox 1290 507 1336 544; x_wconf 71' lang='lat' dir='ltr'>ro·</span> 
     </span>
     <span class='ocr_line' id='line_1_5' title="bbox 181 582 1355 661; baseline -0.003 -17"><span class='ocrx_word' id='word_1_35' title='bbox 181 607 212 645; x_wconf 89' lang='lat' dir='ltr'>es</span> <span class='ocrx_word' id='word_1_36' title='bbox 226 587 306 644; x_wconf 86' lang='lat' dir='ltr'>viam</span> <span class='ocrx_word' id='word_1_37' title='bbox 319 587 383 644; x_wconf 85' lang='lat' dir='ltr'>dux</span> <span class='ocrx_word' id='word_1_38' title='bbox 402 592 434 644; x_wconf 91' lang='lat' dir='ltr'>et</span> <span class='ocrx_word' id='word_1_39' title='bbox 454 606 551 644; x_wconf 87' lang='lat' dir='ltr'>comes</span> <span class='ocrx_word' id='word_1_40' title='bbox 574 585 675 643; x_wconf 80' lang='lat' dir='ltr'>adesse</span> <span class='ocrx_word' id='word_1_41' title='bbox 701 585 830 661; x_wconf 86' lang='lat' dir='ltr'>dignare.</span> <span class='ocrx_word' id='word_1_42' title='bbox 871 585 960 642; x_wconf 88' lang='lat' dir='ltr'>Nihil</span> <span class='ocrx_word' id='word_1_43' title='bbox 973 585 1031 644; x_wconf 88' lang='lat' dir='ltr'>sibi</span> <span class='ocrx_word' id='word_1_44' title='bbox 1043 584 1229 643; x_wconf 86' lang='lat' dir='ltr'>difficultatis</span> <span class='ocrx_word' id='word_1_45' title='bbox 1250 603 1323 642; x_wconf 64' lang='lat' dir='ltr'>cu.</span> <span class='ocrx_word' id='word_1_46' title='bbox 1336 595 1355 624; x_wconf 51' lang='grc' dir='ltr'>ν’</span> 
     </span>
     <span class='ocr_line' id='line_1_6' title="bbox 180 682 1352 761; baseline -0.006 -19"><span class='ocrx_word' id='word_1_47' title='bbox 180 690 287 743; x_wconf 88' lang='lat' dir='ltr'>cuncta</span> <span class='ocrx_word' id='word_1_48' title='bbox 301 685 362 742; x_wconf 88' lang='lat' dir='ltr'>sint</span> <span class='ocrx_word' id='word_1_49' title='bbox 374 703 522 761; x_wconf 85' lang='lat' dir='ltr'>prospera,</span> <span class='ocrx_word' id='word_1_50' title='bbox 537 688 644 740; x_wconf 89' lang='lat' dir='ltr'>cuncta</span> <span class='ocrx_word' id='word_1_51' title='bbox 664 682 801 754; x_wconf 84' lang='lat' dir='ltr'>salubria,</span> <span class='ocrx_word' id='word_1_52' title='bbox 817 687 853 739; x_wconf 90' lang='lat' dir='ltr'>ut</span> <span class='ocrx_word' id='word_1_53' title='bbox 866 684 921 741; x_wconf 90' lang='lat' dir='ltr'>sub</span> <span class='ocrx_word' id='word_1_54' title='bbox 943 702 997 759; x_wconf 91' lang='lat' dir='ltr'>cpe</span> <span class='ocrx_word' id='word_1_55' title='bbox 1018 683 1149 740; x_wconf 84' lang='lat' dir='ltr'>dexterae</span> <span class='ocrx_word' id='word_1_56' title='bbox 1169 686 1231 738; x_wconf 82' lang='lat' dir='ltr'>tuae</span> <span class='ocrx_word' id='word_1_57' title='bbox 1245 699 1326 756; x_wconf 72' lang='lat' dir='ltr'>quw</span> <span class='ocrx_word' id='word_1_58' title='bbox 1342 707 1352 726; x_wconf 72' lang='grc'>0</span> 
     </span>
     <span class='ocr_line' id='line_1_7' title="bbox 176 776 1352 858; baseline -0.003 -21"><span class='ocrx_word' id='word_1_59' title='bbox 176 783 261 857; x_wconf 85' lang='lat' dir='ltr'>justo</span> <span class='ocrx_word' id='word_1_60' title='bbox 284 781 450 858; x_wconf 84' lang='lat' dir='ltr'>expetierat</span> <span class='ocrx_word' id='word_1_61' title='bbox 473 780 618 838; x_wconf 86' lang='lat' dir='ltr'>desiderio</span> <span class='ocrx_word' id='word_1_62' title='bbox 642 780 731 838; x_wconf 90' lang='lat' dir='ltr'>celeri</span> <span class='ocrx_word' id='word_1_63' title='bbox 754 785 951 854; x_wconf 90' lang='lat' dir='ltr'>consequatur</span> <span class='ocrx_word' id='word_1_64' title='bbox 972 779 1086 837; x_wconf 88' lang='lat' dir='ltr'>effectu.</span> <span class='ocrx_word' id='word_1_65' title='bbox 1138 777 1198 834; x_wconf 90' lang='lat' dir='ltr'>Per</span> <span class='ocrx_word' id='word_1_66' title='bbox 1219 776 1352 835; x_wconf 90' lang='lat' dir='ltr'>Domin</span> 
     </span>
     <span class='ocr_line' id='line_1_8' title="bbox 180 874 1070 955; baseline -0.001 -21"><span class='ocrx_word' id='word_1_67' title='bbox 180 883 316 935; x_wconf 89' lang='lat' dir='ltr'>nostrum</span> <span class='ocrx_word' id='word_1_68' title='bbox 329 879 351 936; x_wconf 85' lang='lat' dir='ltr'><strong>J</strong></span> <span class='ocrx_word' id='word_1_69' title='bbox 353 898 435 936; x_wconf 87' lang='lat' dir='ltr'>esum</span> <span class='ocrx_word' id='word_1_70' title='bbox 450 878 603 937; x_wconf 79' lang='lat' dir='ltr'><strong>Christum</strong></span> <span class='ocrx_word' id='word_1_71' title='bbox 618 877 732 935; x_wconf 86' lang='lat' dir='ltr'>Filium</span> <span class='ocrx_word' id='word_1_72' title='bbox 744 875 950 935; x_wconf 84' lang='lat' dir='ltr'>tuum—MS.</span> <span class='ocrx_word' id='word_1_73' title='bbox 971 875 999 933; x_wconf 84' lang='lat' dir='ltr'><strong><em>Y</em></strong></span> <span class='ocrx_word' id='word_1_74' title='bbox 996 874 1070 955; x_wconf 67' lang='lat' dir='ltr'>ooli]</span> 
     </span>
    </p>
   </div>
   <div class='ocr_carea' id='block_1_3' title="bbox 194 1157 1368 1217">
    <p class='ocr_par' dir='ltr' id='par_1_3' title="bbox 194 1157 1368 1217">
     <span class='ocr_line' id='line_1_9' title="bbox 194 1157 1368 1217; baseline -0.001 -5"><span class='ocrx_word' id='word_1_75' title='bbox 194 1157 386 1215; x_wconf 79' lang='lat' dir='ltr'>BENEDIOTIO</span> <span class='ocrx_word' id='word_1_76' title='bbox 408 1157 512 1214; x_wconf 78' lang='lat' dir='ltr'>OLIPEI</span> <span class='ocrx_word' id='word_1_77' title='bbox 534 1173 571 1213; x_wconf 82' lang='grc' dir='ltr'>ΕΤ</span> <span class='ocrx_word' id='word_1_78' title='bbox 592 1157 712 1214; x_wconf 70' lang='lat' dir='ltr'>Bncum</span> <span class='ocrx_word' id='word_1_79' title='bbox 733 1171 861 1213; x_wconf 82' lang='lat' dir='ltr'>HOMINIS</span> <span class='ocrx_word' id='word_1_80' title='bbox 884 1167 1128 1210; x_wconf 79' lang='lat' dir='ltr'>PROFIOISOEN&#39;HS</span> <span class='ocrx_word' id='word_1_81' title='bbox 1147 1165 1190 1208; x_wconf 74' lang='lat' dir='ltr'>AD</span> <span class='ocrx_word' id='word_1_82' title='bbox 1210 1166 1368 1217; x_wconf 70' lang='lat' dir='ltr'>neutum.</span> 
     </span>
    </p>
   </div>
   <div class='ocr_carea' id='block_1_4' title="bbox 66 1348 1390 3847">
    <p class='ocr_par' dir='ltr' id='par_1_4' title="bbox 241 1348 1230 1426">
     <span class='ocr_line' id='line_1_10' title="bbox 241 1348 1230 1426; baseline 0.002 -19"><span class='ocrx_word' id='word_1_83' title='bbox 241 1349 381 1407; x_wconf 77' lang='lat' dir='ltr'>Sacerdos</span> <span class='ocrx_word' id='word_1_84' title='bbox 393 1350 518 1425; x_wconf 76' lang='lat' dir='ltr'>incipiat</span> <span class='ocrx_word' id='word_1_85' title='bbox 531 1370 597 1408; x_wconf 79' lang='lat' dir='ltr'>cum</span> <span class='ocrx_word' id='word_1_86' title='bbox 611 1351 737 1409; x_wconf 82' lang='lat' dir='ltr'>Psalmo.</span> <span class='ocrx_word' id='word_1_87' title='bbox 784 1351 867 1408; x_wconf 92' lang='lat' dir='ltr'>Deus</span> <span class='ocrx_word' id='word_1_88' title='bbox 880 1351 913 1407; x_wconf 93' lang='lat' dir='ltr'>in</span> <span class='ocrx_word' id='word_1_89' title='bbox 927 1348 1110 1426; x_wconf 91' lang='lat' dir='ltr'>adjutorium</span> <span class='ocrx_word' id='word_1_90' title='bbox 1123 1369 1230 1409; x_wconf 88' lang='lat' dir='ltr'>meum.</span> 
     </span>
    </p>

    <p class='ocr_par' dir='ltr' id='par_1_5' title="bbox 242 1447 942 1526">
     <span class='ocr_line' id='line_1_11' title="bbox 242 1447 942 1526; baseline 0 -22"><span class='ocrx_word' id='word_1_91' title='bbox 242 1447 386 1505; x_wconf 71' lang='lat' dir='ltr'>Pserimos.</span> <span class='ocrx_word' id='word_1_92' title='bbox 428 1448 607 1505; x_wconf 88' lang='lat' dir='ltr'>Benedicam</span> <span class='ocrx_word' id='word_1_93' title='bbox 622 1448 786 1505; x_wconf 90' lang='lat' dir='ltr'>Dominum</span> <span class='ocrx_word' id='word_1_94' title='bbox 799 1447 942 1526; x_wconf 71' lang='lat' dir='ltr'>(ccciii.)</span> 
     </span>
    </p>

    <p class='ocr_par' dir='ltr' id='par_1_6' title="bbox 242 1542 1008 1624">
     <span class='ocr_line' id='line_1_12' title="bbox 242 1542 1008 1624; baseline 0.004 -23"><span class='ocrx_word' id='word_1_95' title='bbox 242 1542 389 1601; x_wconf 79' lang='lat' dir='ltr'>Peoloeus.</span> <span class='ocrx_word' id='word_1_96' title='bbox 432 1544 454 1602; x_wconf 86' lang='lat' dir='ltr'><strong>J</strong></span> <span class='ocrx_word' id='word_1_97' title='bbox 455 1545 551 1618; x_wconf 90' lang='lat' dir='ltr'>udica,</span> <span class='ocrx_word' id='word_1_98' title='bbox 567 1546 706 1620; x_wconf 87' lang='lat' dir='ltr'>Domine,</span> <span class='ocrx_word' id='word_1_99' title='bbox 721 1551 861 1605; x_wconf 79' lang='lat' dir='ltr'>nocentes</span> <span class='ocrx_word' id='word_1_100' title='bbox 875 1545 1008 1624; x_wconf 74' lang='lat' dir='ltr'>(arecio.)</span> 
     </span>
    </p>

    <p class='ocr_par' dir='ltr' id='par_1_7' title="bbox 241 1641 718 1721">
     <span class='ocr_line' id='line_1_13' title="bbox 241 1641 718 1721; baseline 0.008 -24"><span class='ocrx_word' id='word_1_101' title='bbox 241 1641 388 1698; x_wconf 73' lang='lat' dir='ltr'>Probinus.</span> <span class='ocrx_word' id='word_1_102' title='bbox 432 1642 491 1711; x_wconf 77' lang='lat' dir='ltr'>Qui</span> <span class='ocrx_word' id='word_1_103' title='bbox 505 1643 622 1700; x_wconf 88' lang='lat' dir='ltr'>habitat</span> <span class='ocrx_word' id='word_1_104' title='bbox 636 1643 718 1721; x_wconf 78' lang='lat' dir='ltr'>(occ.)</span> 
     </span>
    </p>

    <p class='ocr_par' dir='ltr' id='par_1_8' title="bbox 244 1739 699 1817">
     <span class='ocr_line' id='line_1_14' title="bbox 244 1739 699 1817; baseline 0.007 -21"><span class='ocrx_word' id='word_1_105' title='bbox 244 1739 388 1798; x_wconf 80' lang='lat' dir='ltr'>Psolmua</span> <span class='ocrx_word' id='word_1_106' title='bbox 433 1741 609 1817; x_wconf 76' lang='lat' dir='ltr'>Quicunque</span> <span class='ocrx_word' id='word_1_107' title='bbox 622 1741 699 1799; x_wconf 89' lang='lat' dir='ltr'>vult.</span> 
     </span>
    </p>

    <p class='ocr_par' dir='ltr' id='par_1_9' title="bbox 241 1835 733 1913">
     <span class='ocr_line' id='line_1_15' title="bbox 241 1835 733 1913; baseline 0.008 -20"><span class='ocrx_word' id='word_1_108' title='bbox 241 1835 421 1913; x_wconf 75' lang='lat' dir='ltr'>Antiphone.</span> <span class='ocrx_word' id='word_1_109' title='bbox 464 1839 512 1897; x_wconf 88' lang='lat' dir='ltr'>Ne</span> <span class='ocrx_word' id='word_1_110' title='bbox 526 1839 733 1897; x_wconf 80' lang='lat' dir='ltr'>reminiscaris.</span> 
     </span>
    </p>

    <p class='ocr_par' dir='ltr' id='par_1_10' title="bbox 243 1934 1065 2013">
     <span class='ocr_line' id='line_1_16' title="bbox 243 1934 1065 2013; baseline 0.005 -23"><span class='ocrx_word' id='word_1_111' title='bbox 243 1934 341 2010; x_wconf 88' lang='lat' dir='ltr'>Kyrie</span> <span class='ocrx_word' id='word_1_112' title='bbox 354 1935 480 2013; x_wconf 83' lang='lat' dir='ltr'>eleyson.</span> <span class='ocrx_word' id='word_1_113' title='bbox 526 1935 644 1994; x_wconf 71' lang='lat' dir='ltr'>Christe</span> <span class='ocrx_word' id='word_1_114' title='bbox 659 1936 784 2013; x_wconf 88' lang='lat' dir='ltr'>eleyson.</span> <span class='ocrx_word' id='word_1_115' title='bbox 829 1935 927 2011; x_wconf 89' lang='lat' dir='ltr'>Kyrie</span> <span class='ocrx_word' id='word_1_116' title='bbox 940 1935 1065 2013; x_wconf 80' lang='lat' dir='ltr'>eleyson.</span> 
     </span>
    </p>

    <p class='ocr_par' dir='ltr' id='par_1_11' title="bbox 244 2032 665 2092">
     <span class='ocr_line' id='line_1_17' title="bbox 244 2032 665 2092; baseline 0.005 -2"><span class='ocrx_word' id='word_1_117' title='bbox 244 2032 335 2091; x_wconf 87' lang='lat' dir='ltr'>Pater</span> <span class='ocrx_word' id='word_1_118' title='bbox 347 2039 455 2092; x_wconf 87' lang='lat' dir='ltr'>noster.</span> <span class='ocrx_word' id='word_1_119' title='bbox 499 2034 541 2092; x_wconf 83' lang='lat' dir='ltr'>Et</span> <span class='ocrx_word' id='word_1_120' title='bbox 554 2053 665 2092; x_wconf 86' lang='lat' dir='ltr'>nenos.</span> 
     </span>
    </p>

    <p class='ocr_par' dir='ltr' id='par_1_12' title="bbox 244 2129 629 2189">
     <span class='ocr_line' id='line_1_18' title="bbox 244 2129 629 2189; baseline 0.008 -3"><span class='ocrx_word' id='word_1_121' title='bbox 244 2129 373 2189; x_wconf 89' lang='lat' dir='ltr'>Domine</span> <span class='ocrx_word' id='word_1_122' title='bbox 387 2151 447 2189; x_wconf 90' lang='lat' dir='ltr'>non</span> <span class='ocrx_word' id='word_1_123' title='bbox 461 2131 629 2189; x_wconf 88' lang='lat' dir='ltr'>secundum.</span> 
     </span>
    </p>

    <p class='ocr_par' dir='ltr' id='par_1_13' title="bbox 244 2229 616 2288">
     <span class='ocr_line' id='line_1_19' title="bbox 244 2229 616 2288; baseline 0.008 -3"><span class='ocrx_word' id='word_1_124' title='bbox 244 2229 374 2288; x_wconf 88' lang='lat' dir='ltr'>Domine</span> <span class='ocrx_word' id='word_1_125' title='bbox 387 2250 425 2288; x_wconf 91' lang='lat' dir='ltr'>ne</span> <span class='ocrx_word' id='word_1_126' title='bbox 438 2231 616 2288; x_wconf 90' lang='lat' dir='ltr'>memineris.</span> 
     </span>
    </p>

    <p class='ocr_par' dir='ltr' id='par_1_14' title="bbox 244 2326 443 2404">
     <span class='ocr_line' id='line_1_20' title="bbox 244 2326 443 2404; baseline 0.02 -22"><span class='ocrx_word' id='word_1_127' title='bbox 244 2326 368 2404; x_wconf 86' lang='lat' dir='ltr'>Adjuva</span> <span class='ocrx_word' id='word_1_128' title='bbox 381 2346 443 2386; x_wconf 90' lang='lat' dir='ltr'>nos.</span> 
     </span>
    </p>

    <p class='ocr_par' dir='ltr' id='par_1_15' title="bbox 245 2424 668 2483">
     <span class='ocr_line' id='line_1_21' title="bbox 245 2424 668 2483; baseline -0.002 -1"><span class='ocrx_word' id='word_1_129' title='bbox 245 2424 367 2482; x_wconf 85' lang='lat' dir='ltr'>Salvum</span> <span class='ocrx_word' id='word_1_130' title='bbox 381 2425 426 2482; x_wconf 90' lang='lat' dir='ltr'>fac</span> <span class='ocrx_word' id='word_1_131' title='bbox 440 2443 559 2483; x_wconf 85' lang='lat' dir='ltr'>servum</span> <span class='ocrx_word' id='word_1_132' title='bbox 573 2431 668 2481; x_wconf 91' lang='lat' dir='ltr'>tuum.</span> 
     </span>
    </p>

    <p class='ocr_par' dir='ltr' id='par_1_16' title="bbox 244 2520 838 2592">
     <span class='ocr_line' id='line_1_22' title="bbox 244 2520 838 2592; baseline 0.002 -14"><span class='ocrx_word' id='word_1_133' title='bbox 244 2521 318 2578; x_wconf 83' lang='lat' dir='ltr'>Esto</span> <span class='ocrx_word' id='word_1_134' title='bbox 332 2522 368 2592; x_wconf 90' lang='lat' dir='ltr'>ei,</span> <span class='ocrx_word' id='word_1_135' title='bbox 384 2520 521 2592; x_wconf 88' lang='lat' dir='ltr'>Domine,</span> <span class='ocrx_word' id='word_1_136' title='bbox 537 2522 631 2578; x_wconf 89' lang='lat' dir='ltr'>turris</span> <span class='ocrx_word' id='word_1_137' title='bbox 644 2520 838 2579; x_wconf 81' lang='lat' dir='ltr'>fortitudinis.</span> 
     </span>
    </p>

    <p class='ocr_par' dir='ltr' id='par_1_17' title="bbox 244 2615 504 2674">
     <span class='ocr_line' id='line_1_23' title="bbox 244 2615 504 2674; baseline 0 -1"><span class='ocrx_word' id='word_1_138' title='bbox 244 2616 373 2674; x_wconf 90' lang='lat' dir='ltr'>Domine</span> <span class='ocrx_word' id='word_1_139' title='bbox 388 2615 504 2674; x_wconf 85' lang='lat' dir='ltr'>exaudi.</span> 
     </span>
    </p>

    <p class='ocr_par' dir='ltr' id='par_1_18' title="bbox 243 2712 1105 2793">
     <span class='ocr_line' id='line_1_24' title="bbox 243 2712 1105 2793; baseline 0.005 -24"><span class='ocrx_word' id='word_1_140' title='bbox 243 2712 392 2770; x_wconf 90' lang='lat' dir='ltr'>Dominus</span> <span class='ocrx_word' id='word_1_141' title='bbox 405 2715 564 2772; x_wconf 86' lang='lat' dir='ltr'>vobiscum.</span> <span class='ocrx_word' id='word_1_142' title='bbox 608 2715 649 2773; x_wconf 83' lang='lat' dir='ltr'>Et</span> <span class='ocrx_word' id='word_1_143' title='bbox 663 2734 731 2772; x_wconf 91' lang='lat' dir='ltr'>cum</span> <span class='ocrx_word' id='word_1_144' title='bbox 745 2716 852 2793; x_wconf 89' lang='lat' dir='ltr'>spiritu</span> <span class='ocrx_word' id='word_1_145' title='bbox 867 2722 928 2776; x_wconf 85' lang='lat' dir='ltr'>tuo.</span> <span class='ocrx_word' id='word_1_146' title='bbox 971 2716 1105 2774; x_wconf 91' lang='lat' dir='ltr'>Oremus.</span> 
     </span>
    </p>

    <p class='ocr_par' dir='ltr' id='par_1_19' title="bbox 246 2808 355 2867">
     <span class='ocr_line' id='line_1_25' title="bbox 246 2808 355 2867; baseline 0 0"><span class='ocrx_word' id='word_1_147' title='bbox 246 2808 355 2867; x_wconf 77' lang='lat' dir='ltr'>Oratio.</span> 
     </span>
    </p>

    <p class='ocr_par' dir='ltr' id='par_1_20' title="bbox 182 2907 1390 3186">
     <span class='ocr_line' id='line_1_26' title="bbox 245 2907 1390 2988; baseline 0.005 -24"><span class='ocrx_word' id='word_1_148' title='bbox 245 2907 440 2984; x_wconf 86' lang='lat' dir='ltr'>Omnipotens</span> <span class='ocrx_word' id='word_1_149' title='bbox 453 2909 632 2987; x_wconf 87' lang='lat' dir='ltr'>sempiterne</span> <span class='ocrx_word' id='word_1_150' title='bbox 645 2910 736 2984; x_wconf 87' lang='lat' dir='ltr'>Deus,</span> <span class='ocrx_word' id='word_1_151' title='bbox 749 2913 801 2988; x_wconf 90' lang='lat' dir='ltr'>qui</span> <span class='ocrx_word' id='word_1_152' title='bbox 814 2913 959 2971; x_wconf 88' lang='lat' dir='ltr'>mundum</span> <span class='ocrx_word' id='word_1_153' title='bbox 971 2933 1009 2972; x_wconf 89' lang='lat' dir='ltr'>ex</span> <span class='ocrx_word' id='word_1_154' title='bbox 1018 2911 1140 2972; x_wconf 81' lang='lat' dir='ltr'>informi</span> <span class='ocrx_word' id='word_1_155' title='bbox 1153 2911 1280 2970; x_wconf 86' lang='lat' dir='ltr'>materia</span> <span class='ocrx_word' id='word_1_156' title='bbox 1293 2911 1390 2970; x_wconf 85' lang='lat' dir='ltr'>fecisti</span> 
     </span>
     <span class='ocr_line' id='line_1_27' title="bbox 182 3005 1386 3089; baseline 0.007 -28"><span class='ocrx_word' id='word_1_157' title='bbox 182 3009 213 3062; x_wconf 90' lang='lat' dir='ltr'>et</span> <span class='ocrx_word' id='word_1_158' title='bbox 227 3005 347 3063; x_wconf 88' lang='lat' dir='ltr'>unicum</span> <span class='ocrx_word' id='word_1_159' title='bbox 362 3006 473 3065; x_wconf 87' lang='lat' dir='ltr'>Filium</span> <span class='ocrx_word' id='word_1_160' title='bbox 486 3013 574 3066; x_wconf 89' lang='lat' dir='ltr'>tuum</span> <span class='ocrx_word' id='word_1_161' title='bbox 587 3009 645 3066; x_wconf 88' lang='lat' dir='ltr'>tibi</span> <span class='ocrx_word' id='word_1_162' title='bbox 659 3015 838 3068; x_wconf 84' lang='lat' dir='ltr'>coaeternum</span> <span class='ocrx_word' id='word_1_163' title='bbox 848 3031 902 3088; x_wconf 92' lang='lat' dir='ltr'>pro</span> <span class='ocrx_word' id='word_1_164' title='bbox 912 3011 1028 3089; x_wconf 89' lang='lat' dir='ltr'>generis</span> <span class='ocrx_word' id='word_1_165' title='bbox 1037 3009 1161 3068; x_wconf 90' lang='lat' dir='ltr'>humani</span> <span class='ocrx_word' id='word_1_166' title='bbox 1174 3009 1386 3088; x_wconf 86' lang='lat' dir='ltr'>redemptione,</span> 
     </span>
     <span class='ocr_line' id='line_1_28' title="bbox 185 3101 1388 3186; baseline 0.007 -29"><span class='ocrx_word' id='word_1_167' title='bbox 185 3101 299 3177; x_wconf 80' lang='lat' dir='ltr'>Spiritu</span> <span class='ocrx_word' id='word_1_168' title='bbox 321 3103 429 3162; x_wconf 84' lang='lat' dir='ltr'>Sancto</span> <span class='ocrx_word' id='word_1_169' title='bbox 450 3113 631 3182; x_wconf 84' lang='lat' dir='ltr'>cooperante,</span> <span class='ocrx_word' id='word_1_170' title='bbox 646 3108 795 3165; x_wconf 86' lang='lat' dir='ltr'>incarnari</span> <span class='ocrx_word' id='word_1_171' title='bbox 814 3115 904 3186; x_wconf 85' lang='lat' dir='ltr'>atque</span> <span class='ocrx_word' id='word_1_172' title='bbox 917 3109 954 3166; x_wconf 92' lang='lat' dir='ltr'>de</span> <span class='ocrx_word' id='word_1_173' title='bbox 968 3108 1052 3167; x_wconf 89' lang='lat' dir='ltr'>hoste</span> <span class='ocrx_word' id='word_1_174' title='bbox 1065 3107 1190 3183; x_wconf 88' lang='lat' dir='ltr'>antiquo</span> <span class='ocrx_word' id='word_1_175' title='bbox 1202 3106 1388 3185; x_wconf 83' lang='lat' dir='ltr'>triumphare</span> 
     </span>
    </p>

    <p class='ocr_par' dir='ltr' id='par_1_21' title="bbox 66 3197 1389 3765">
     <span class='ocr_line' id='line_1_29' title="bbox 66 3197 1389 3282; baseline 0.008 -29"><span class='ocrx_word' id='word_1_176' title='bbox 66 3222 67 3225; x_wconf 40' lang='lat'>¹</span> <span class='ocrx_word' id='word_1_177' title='bbox 183 3197 297 3257; x_wconf 87' lang='lat' dir='ltr'>fecisti:</span> <span class='ocrx_word' id='word_1_178' title='bbox 311 3204 342 3257; x_wconf 90' lang='lat' dir='ltr'>te</span> <span class='ocrx_word' id='word_1_179' title='bbox 352 3200 526 3278; x_wconf 87' lang='lat' dir='ltr'>suppliciter</span> <span class='ocrx_word' id='word_1_180' title='bbox 538 3204 676 3280; x_wconf 90' lang='lat' dir='ltr'>petimus,</span> <span class='ocrx_word' id='word_1_181' title='bbox 688 3211 724 3262; x_wconf 91' lang='lat' dir='ltr'>ut</span> <span class='ocrx_word' id='word_1_182' title='bbox 734 3205 789 3263; x_wconf 90' lang='lat' dir='ltr'>hoc</span> <span class='ocrx_word' id='word_1_183' title='bbox 803 3212 921 3264; x_wconf 82' lang='lat' dir='ltr'>scutum</span> <span class='ocrx_word' id='word_1_184' title='bbox 931 3212 1021 3282; x_wconf 85' lang='lat' dir='ltr'>atque</span> <span class='ocrx_word' id='word_1_185' title='bbox 1030 3203 1170 3263; x_wconf 89' lang='lat' dir='ltr'>baculum</span> <span class='ocrx_word' id='word_1_186' title='bbox 1178 3203 1271 3261; x_wconf 89' lang='lat' dir='ltr'>istum</span> <span class='ocrx_word' id='word_1_187' title='bbox 1283 3204 1389 3263; x_wconf 72' lang='lat' dir='ltr'>dextra</span> 
     </span>
     <span class='ocr_line' id='line_1_30' title="bbox 183 3297 1388 3380; baseline 0.006 -28"><span class='ocrx_word' id='word_1_188' title='bbox 183 3297 325 3371; x_wconf 86' lang='lat' dir='ltr'>potentiae</span> <span class='ocrx_word' id='word_1_189' title='bbox 346 3304 407 3356; x_wconf 84' lang='lat' dir='ltr'>tuae</span> <span class='ocrx_word' id='word_1_190' title='bbox 433 3299 653 3380; x_wconf 55' lang='lat' dir='ltr'>beneffldicere</span> <span class='ocrx_word' id='word_1_191' title='bbox 681 3302 818 3378; x_wconf 82' lang='lat' dir='ltr'>digneris,</span> <span class='ocrx_word' id='word_1_192' title='bbox 842 3309 878 3360; x_wconf 89' lang='lat' dir='ltr'>ut</span> <span class='ocrx_word' id='word_1_193' title='bbox 899 3302 961 3360; x_wconf 89' lang='lat' dir='ltr'>eint</span> <span class='ocrx_word' id='word_1_194' title='bbox 984 3321 1067 3360; x_wconf 88' lang='lat' dir='ltr'>arma</span> <span class='ocrx_word' id='word_1_195' title='bbox 1088 3300 1277 3358; x_wconf 88' lang='lat' dir='ltr'>invincibilia</span> <span class='ocrx_word' id='word_1_196' title='bbox 1298 3307 1388 3379; x_wconf 86' lang='lat' dir='ltr'>atque</span> 
     </span>
     <span class='ocr_line' id='line_1_31' title="bbox 183 3393 1387 3479; baseline 0.004 -29"><span class='ocrx_word' id='word_1_197' title='bbox 183 3393 360 3471; x_wconf 90' lang='lat' dir='ltr'>triumphali</span> <span class='ocrx_word' id='word_1_198' title='bbox 372 3396 508 3472; x_wconf 87' lang='lat' dir='ltr'>potentie</span> <span class='ocrx_word' id='word_1_199' title='bbox 517 3403 571 3479; x_wconf 69' lang='lat' dir='ltr'>tua</span> <span class='ocrx_word' id='word_1_200' title='bbox 580 3399 819 3475; x_wconf 87' lang='lat' dir='ltr'>adminiculante,</span> <span class='ocrx_word' id='word_1_201' title='bbox 831 3400 967 3459; x_wconf 86' lang='lat' dir='ltr'>victricia</span> <span class='ocrx_word' id='word_1_202' title='bbox 976 3421 985 3473; x_wconf 76' lang='lat'>3</span> <span class='ocrx_word' id='word_1_203' title='bbox 1005 3399 1147 3477; x_wconf 86' lang='lat' dir='ltr'>quatinus</span> <span class='ocrx_word' id='word_1_204' title='bbox 1161 3397 1333 3474; x_wconf 89' lang='lat' dir='ltr'>quicunque</span> <span class='ocrx_word' id='word_1_205' title='bbox 1341 3397 1387 3455; x_wconf 86' lang='grc'>11111</span> 
     </span>
     <span class='ocr_line' id='line_1_32' title="bbox 182 3490 1386 3573; baseline 0.007 -27"><span class='ocrx_word' id='word_1_206' title='bbox 182 3490 273 3547; x_wconf 86' lang='lat' dir='ltr'>armis</span> <span class='ocrx_word' id='word_1_207' title='bbox 292 3492 478 3568; x_wconf 82' lang='lat' dir='ltr'>pugnaverit,</span> <span class='ocrx_word' id='word_1_208' title='bbox 497 3498 551 3552; x_wconf 86' lang='lat' dir='ltr'>tua</span> <span class='ocrx_word' id='word_1_209' title='bbox 569 3496 752 3570; x_wconf 88' lang='lat' dir='ltr'>protectione</span> <span class='ocrx_word' id='word_1_210' title='bbox 776 3497 911 3554; x_wconf 89' lang='lat' dir='ltr'>munitus</span> <span class='ocrx_word' id='word_1_211' title='bbox 933 3502 995 3555; x_wconf 89' lang='lat' dir='ltr'>tam</span> <span class='ocrx_word' id='word_1_212' title='bbox 1017 3495 1148 3573; x_wconf 85' lang='lat' dir='ltr'>corporis</span> <span class='ocrx_word' id='word_1_213' title='bbox 1168 3515 1260 3573; x_wconf 89' lang='lat' dir='ltr'>quam</span> <span class='ocrx_word' id='word_1_214' title='bbox 1279 3496 1386 3555; x_wconf 66' lang='lat' dir='ltr'>animm</span> 
     </span>
     <span class='ocr_line' id='line_1_33' title="bbox 182 3587 1387 3671; baseline 0.007 -26"><span class='ocrx_word' id='word_1_215' title='bbox 182 3587 309 3646; x_wconf 88' lang='lat' dir='ltr'>salutem</span> <span class='ocrx_word' id='word_1_216' title='bbox 323 3590 475 3667; x_wconf 90' lang='lat' dir='ltr'>percipiat,</span> <span class='ocrx_word' id='word_1_217' title='bbox 491 3597 581 3668; x_wconf 89' lang='lat' dir='ltr'>atque</span> <span class='ocrx_word' id='word_1_218' title='bbox 601 3592 726 3651; x_wconf 86' lang='lat' dir='ltr'>creatori</span> <span class='ocrx_word' id='word_1_219' title='bbox 746 3593 879 3652; x_wconf 89' lang='lat' dir='ltr'>omnium</span> <span class='ocrx_word' id='word_1_220' title='bbox 901 3594 1011 3671; x_wconf 85' lang='lat' dir='ltr'>gratias</span> <span class='ocrx_word' id='word_1_221' title='bbox 1030 3593 1150 3653; x_wconf 82' lang='lat' dir='ltr'>referet.</span> <span class='ocrx_word' id='word_1_222' title='bbox 1191 3593 1254 3662; x_wconf 80' lang='lat' dir='ltr'>Qui</span> <span class='ocrx_word' id='word_1_223' title='bbox 1265 3593 1345 3653; x_wconf 76' lang='lat' dir='ltr'>vivis</span> <span class='ocrx_word' id='word_1_224' title='bbox 1357 3598 1387 3653; x_wconf 84' lang='lat' dir='ltr'>et</span> 
     </span>
     <span class='ocr_line' id='line_1_34' title="bbox 183 3687 877 3765; baseline 0.007 -22"><span class='ocrx_word' id='word_1_225' title='bbox 183 3706 287 3763; x_wconf 88' lang='lat' dir='ltr'>regnas</span> <span class='ocrx_word' id='word_1_226' title='bbox 301 3687 383 3745; x_wconf 87' lang='lat' dir='ltr'>Deus</span> <span class='ocrx_word' id='word_1_227' title='bbox 396 3688 562 3765; x_wconf 85' lang='lat' dir='ltr'>peremnia</span> <span class='ocrx_word' id='word_1_228' title='bbox 575 3689 682 3747; x_wconf 82' lang='lat' dir='ltr'>saecula</span> <span class='ocrx_word' id='word_1_229' title='bbox 695 3690 877 3748; x_wconf 76' lang='lat' dir='ltr'>saeculorum.</span> 
     </span>
    </p>

    <p class='ocr_par' dir='ltr' id='par_1_22' title="bbox 244 3783 953 3847">
     <span class='ocr_line' id='line_1_35' title="bbox 244 3783 953 3847; baseline 0.004 -5"><span class='ocrx_word' id='word_1_230' title='bbox 244 3783 397 3843; x_wconf 79' lang='lat' dir='ltr'>Tradetur</span> <span class='ocrx_word' id='word_1_231' title='bbox 408 3793 478 3844; x_wconf 81' lang='lat' dir='ltr'>tuac</span> <span class='ocrx_word' id='word_1_232' title='bbox 490 3785 518 3844; x_wconf 85' lang='lat' dir='ltr'>ei</span> <span class='ocrx_word' id='word_1_233' title='bbox 530 3794 647 3844; x_wconf 79' lang='lat' dir='ltr'>acetum</span> <span class='ocrx_word' id='word_1_234' title='bbox 660 3794 687 3844; x_wconf 82' lang='lat' dir='ltr'>et</span> <span class='ocrx_word' id='word_1_235' title='bbox 699 3786 780 3845; x_wconf 78' lang='lat' dir='ltr'>dicet</span> <span class='ocrx_word' id='word_1_236' title='bbox 792 3785 932 3846; x_wconf 80' lang='lat' dir='ltr'>Sacerdos</span> <span class='ocrx_word' id='word_1_237' title='bbox 943 3810 953 3847; x_wconf 90' lang='lat'>.·</span> 
     </span>
    </p>
   </div>
   <div class='ocr_carea' id='block_1_5' title="bbox 1378 333 1425 1698">
    <p class='ocr_par' dir='ltr' id='par_1_23' title="bbox 1378 333 1425 1698">
     <span class='ocr_line' id='line_1_36' title="bbox 1378 333 1425 1698; textangle 90"><span class='ocrx_word' id='word_1_238' title='bbox 1413 1624 1425 1698; x_wconf 81' lang='lat'>—</span> <span class='ocrx_word' id='word_1_239' title='bbox 1404 1331 1425 1612; x_wconf 68' lang='lat'>.—.—.-</span> <span class='ocrx_word' id='word_1_240' title='bbox 1388 745 1425 1301; x_wconf 63' lang='lat' dir='ltr'>-sn=.=-=-</span> <span class='ocrx_word' id='word_1_241' title='bbox 1385 637 1425 728; x_wconf 58' lang='grc' dir='ltr'>111·Ιῖ</span> <span class='ocrx_word' id='word_1_242' title='bbox 1378 333 1425 620; x_wconf 52' lang='grc' dir='ltr'>-ΨΊῡΕῦ</span> 
     </span>
    </p>
   </div>
   <div class='ocr_carea' id='block_1_6' title="bbox 183 3881 1387 4056">
    <p class='ocr_par' dir='ltr' id='par_1_24' title="bbox 183 3881 1387 4056">
     <span class='ocr_line' id='line_1_37' title="bbox 242 3881 1387 3961; baseline 0.003 -22"><span class='ocrx_word' id='word_1_243' title='bbox 242 3881 355 3960; x_wconf 86' lang='lat' dir='ltr'>Accipe</span> <span class='ocrx_word' id='word_1_244' title='bbox 367 3883 423 3940; x_wconf 90' lang='lat' dir='ltr'>hoc</span> <span class='ocrx_word' id='word_1_245' title='bbox 436 3888 555 3941; x_wconf 90' lang='lat' dir='ltr'>scutum</span> <span class='ocrx_word' id='word_1_246' title='bbox 574 3882 704 3960; x_wconf 85' lang='lat' dir='ltr'>corporis</span> <span class='ocrx_word' id='word_1_247' title='bbox 725 3883 773 3941; x_wconf 91' lang='lat' dir='ltr'>tui</span> <span class='ocrx_word' id='word_1_248' title='bbox 793 3885 1015 3961; x_wconf 90' lang='lat' dir='ltr'>protectionem.</span> <span class='ocrx_word' id='word_1_249' title='bbox 1058 3885 1097 3942; x_wconf 93' lang='lat' dir='ltr'>In</span> <span class='ocrx_word' id='word_1_250' title='bbox 1110 3884 1229 3943; x_wconf 91' lang='lat' dir='ltr'>nomine</span> <span class='ocrx_word' id='word_1_251' title='bbox 1243 3885 1344 3944; x_wconf 79' lang='lat' dir='ltr'>Patris</span> <span class='ocrx_word' id='word_1_252' title='bbox 1356 3890 1387 3943; x_wconf 87' lang='lat' dir='ltr'>et</span> 
     </span>
     <span class='ocr_line' id='line_1_38' title="bbox 183 3977 724 4056; baseline 0.007 -20"><span class='ocrx_word' id='word_1_253' title='bbox 183 3977 256 4036; x_wconf 84' lang='lat' dir='ltr'>Filii</span> <span class='ocrx_word' id='word_1_254' title='bbox 268 3984 300 4037; x_wconf 91' lang='lat' dir='ltr'>et</span> <span class='ocrx_word' id='word_1_255' title='bbox 313 3978 444 4056; x_wconf 86' lang='lat' dir='ltr'>Spiritus</span> <span class='ocrx_word' id='word_1_256' title='bbox 458 3978 567 4037; x_wconf 81' lang='lat' dir='ltr'>Sancti.</span> <span class='ocrx_word' id='word_1_257' title='bbox 610 3980 724 4041; x_wconf 78' lang='lat' dir='ltr'>Amen..</span> 
     </span>
    </p>
   </div>
   <div class='ocr_carea' id='block_1_7' title="bbox 242 4074 1387 4257">
    <p class='ocr_par' dir='ltr' id='par_1_25' title="bbox 242 4074 1387 4257">
     <span class='ocr_line' id='line_1_39' title="bbox 242 4074 1069 4153; baseline 0.01 -20"><span class='ocrx_word' id='word_1_258' title='bbox 242 4074 387 4136; x_wconf 77' lang='lat' dir='ltr'>Similiter</span> <span class='ocrx_word' id='word_1_259' title='bbox 399 4085 425 4135; x_wconf 79' lang='lat' dir='ltr'>et</span> <span class='ocrx_word' id='word_1_260' title='bbox 438 4076 559 4137; x_wconf 77' lang='grc'>1000100</span> <span class='ocrx_word' id='word_1_261' title='bbox 572 4077 714 4136; x_wconf 77' lang='lat' dir='ltr'>tradetur</span> <span class='ocrx_word' id='word_1_262' title='bbox 725 4076 760 4153; x_wconf 86' lang='lat' dir='ltr'>ei,</span> <span class='ocrx_word' id='word_1_263' title='bbox 775 4087 802 4138; x_wconf 79' lang='lat' dir='ltr'>et</span> <span class='ocrx_word' id='word_1_264' title='bbox 815 4079 896 4138; x_wconf 82' lang='lat' dir='ltr'>dicct</span> <span class='ocrx_word' id='word_1_265' title='bbox 908 4078 1069 4142; x_wconf 79' lang='lat' dir='ltr'>Sacerdos:</span> 
     </span>
     <span class='ocr_line' id='line_1_40' title="bbox 243 4171 1387 4257; baseline 0.005 -26"><span class='ocrx_word' id='word_1_266' title='bbox 243 4171 356 4249; x_wconf 85' lang='lat' dir='ltr'>Accipe</span> <span class='ocrx_word' id='word_1_267' title='bbox 369 4174 449 4234; x_wconf 89' lang='lat' dir='ltr'>hunc</span> <span class='ocrx_word' id='word_1_268' title='bbox 464 4173 605 4233; x_wconf 87' lang='lat' dir='ltr'>baculum</span> <span class='ocrx_word' id='word_1_269' title='bbox 617 4174 725 4234; x_wconf 80' lang='lat' dir='ltr'>adhoc</span> <span class='ocrx_word' id='word_1_270' title='bbox 745 4175 878 4234; x_wconf 89' lang='lat' dir='ltr'>duellum</span> <span class='ocrx_word' id='word_1_271' title='bbox 899 4185 1107 4255; x_wconf 81' lang='lat' dir='ltr'>praeparatum,</span> <span class='ocrx_word' id='word_1_272' title='bbox 1122 4197 1190 4237; x_wconf 89' lang='lat' dir='ltr'>cum</span> <span class='ocrx_word' id='word_1_273' title='bbox 1209 4176 1387 4257; x_wconf 68' lang='lat' dir='ltr'>querelem</span> 
     </span>
    </p>
   </div>
   <div class='ocr_carea' id='block_1_8' title="bbox 0 0 1431 4800">
    <p class='ocr_par' dir='ltr' id='par_1_26' title="bbox 0 0 1431 4800">
     <span class='ocr_line' id='line_1_41' title="bbox 0 0 1431 4800; baseline 0 0"><span class='ocrx_word' id='word_1_274' title='bbox 0 0 1431 4800; x_wconf 95' lang='lat' dir='ltr'> </span> 
     </span>
    </p>
   </div>
  </div>
 </body>
</html>
