2850 4800
135 282 217 345 1⁸20*
350 276 500 341 ⁴llannal
518 276 627 361 Qtiices
644 276 738 361 frene
754 276 804 341 tlte
817 277 990 364 Hereford
1003 279 1136 346 Miseni.

195 446 305 502 Oratio.
349 443 524 519 Propitiare,
551 442 688 515 Domine,
711 443 983 520 supplicationibus
1010 447 1133 520 nostris,
1152 456 1178 506 et
1200 457 1274 506 cetera
1288 455 1308 503 ct

133 547 231 601 snpra,
248 547 275 601 p.
294 525 340 583 37.

195 610 329 663 Oramus.

195 686 303 744 Oratio.
349 686 439 755 Deua,
455 686 507 759 qui
528 691 675 760 potestate
696 685 818 742 vntutis
839 693 900 743 tuae
915 687 954 744 de
968 687 1069 746 nihilo
1084 695 1191 748 cuncta
1202 690 1290 762 fecisti,
1300 698 1316 746 et

132 777 223 825 cetera
236 776 269 823 nt
284 787 384 840 snpra,
399 786 426 841 p.
445 767 490 824 37.

195 860 265 915 Haec
281 858 382 915 Oratio
392 859 537 933 proedicto
550 858 655 916 scilieet
669 858 834 934 Propitiare
849 859 963 916 dicitnr
977 880 1070 937 saper
1080 863 1217 921 naberdes
1224 872 1321 939 preem-

132 949 235 1009 nentes,
253 948 519 1012 qaeentnmcarnqae
533 939 607 996 atter
621 940 840 1014 corn'naantiarn
851 939 954 1012 faerit
968 941 1051 1000 alias
1067 952 1190 1019 nuptas,
1205 945 1323 1019 quianon

127 1020 298 1093 prohibetur
318 1020 352 1075 in
372 1020 496 1076 decretis.
539 1018 598 1076 Sed
617 1020 707 1093 Deus,
724 1020 775 1095 qui
795 1025 858 1076 tam
879 1021 1053 1094 excellenti,
1070 1043 1134 1082 nen
1150 1025 1226 1084 debet
1238 1023 1324 1095 dicia

131 1100 206 1156 alter
225 1120 323 1157 eornm
343 1100 432 1173 prins
447 1098 547 1172 feeerit
571 1109 772 1174 neptitatem
793 1101 832 1156 sit
853 1100 1014 1160 benedictio
1036 1105 1324 1179 sacramentalis,qae

131 1180 212 1236 nullo
236 1182 319 1237 inodo
341 1180 445 1236 iterari
466 1180 551 1237 debet.
609 1181 710 1237 Eatra.
733 1182 768 1238 de
787 1180 922 1238 secandis
945 1184 1077 1258 ineptiis,
1100 1206 1162 1262 cap.
1178 1184 1324 1261 ionalis

130 1267 238 1317 autom.

190 1342 260 1397 l'ost
284 1341 342 1397 bac
365 1349 487 1398 revertat
511 1360 539 1398 se
563 1341 702 1399 Sacerdos
725 1342 766 1399 ad
788 1341 899 1412 Attare,
925 1351 952 1399 et
981 1344 1089 1405 dicat:
1122 1347 1190 1404 Pax
1213 1345 1321 1404 Domini.

131 1422 238 1496 Agnus
253 1421 319 1477 Dei.

191 1501 274 1558 Tene
288 1511 411 1575 saraant
422 1504 457 1559 ab
471 1502 607 1561 Oratione
620 1522 743 1578 sponsas
756 1511 781 1560 et
794 1522 908 1577 sponsa,
921 1512 947 1560 et
962 1505 1098 1580 acceptas
1112 1527 1235 1584 mansas
1241 1525 1323 1584 pacem

128 1602 147 1635 a
162 1581 312 1639 Sacerdote
327 1592 352 1638 et
358 1583 441 1656 serat
455 1603 565 1657 seraitae
579 1583 735 1640 osculando
762 1603 826 1640 eane
839 1591 864 1640 et
877 1584 1029 1643 neminem
1043 1587 1148 1646 aliurn
1161 1609 1212 1647 nec
1224 1590 1276 1664 ipse
1286 1605 1322 1643 aee

127 1661 201 1734 ipset,
217 1663 266 1718 sed
280 1663 398 1719 clericas
407 1674 474 1737 pest
489 1664 587 1738 e'lrsznn
601 1684 621 1720 a
636 1664 787 1721 Sacerdote
802 1683 905 1738 paceni
925 1665 1173 1742 accipiensferat
1187 1669 1252 1727 otiis
1264 1685 1321 1726 nore

129 1742 219 1799 solito.

189 1822 371 1881 Corrtmanio.
415 1824 622 1881 Benedicimus
636 1824 735 1881 Deum
749 1824 818 1881 caeli.

188 1904 431 1961 Posteonnnanio.
476 1904 624 1961 Proficiat.

188 1984 258 2040 Alia
292 1985 534 2042 Postcornrnanio.
591 1985 712 2056 Praesta,
749 2004 925 2060 quamue,
963 1987 1163 2064 omnipotens
1197 1991 1321 2060 Deus,d

128 2074 218 2121 cetera
231 2073 264 2120 at
279 2085 378 2139 centra,
395 2083 421 2139 p.
441 2064 504 2122 30³²:

186 2158 290 2214 Postea
296 2161 350 2231 siet
364 2156 519 2215 benedictio
534 2178 600 2214 carn
615 2159 708 2230 calice,
725 2158 776 2215 boc
789 2159 891 2216 niodo:

369 2251 564 2324 Adjutoriuin
578 2257 713 2307 nostrum
728 2251 759 2306 in
773 2251 892 2308 nomine
906 2251 1032 2309 Domini
1046 2275 1052 2309 :

411 2331 469 2399 Qui
483 2332 553 2388 fecit
567 2331 671 2387 caelum
685 2337 715 2388 et
729 2338 846 2388 terram.

370 2411 416 2467 Sit
430 2431 538 2468 nomen
552 2412 676 2467 Domini
689 2412 893 2469 benedictum:

410 2492 457 2547 Ex
470 2492 534 2563 hoc,
551 2512 639 2562 nunc,
656 2498 686 2548 et
700 2512 793 2567 usque
807 2493 839 2548 in
853 2492 999 2550 saeculum.

188 2585 320 2641 Oremus.
363 2583 537 2641 Benedictio.

186 2665 346 2722 Benedicat
366 2684 419 2721 vos
440 2664 541 2720 divina
562 2666 699 2740 majestas
713 2670 743 2721 et
757 2685 817 2722 una
838 2665 950 2737 Deitas,
966 2665 1119 2746 Paterffl,
1136 2673 1167 2726 et
1182 2667 1325 2748 Ffliusffl,

109 2752 155 2857 stt
170 2743 481 2823 Spiritusfflbanctua
525 2746 632 2801 Amen.

109 2832 147 2873 ·''‘·
185 2844 256 2900 Post
278 2843 404 2899 Missam
424 2843 517 2917 parcis
541 2851 566 2900 et
587 2843 691 2900 eirenen
714 2843 759 2900 eet
779 2843 864 2900 abiud
885 2843 993 2900 benene
1009 2845 1141 2919 potabile
1162 2846 1199 2905 in
1220 2846 1327 2906 castele

122 2922 300 2997 prfferatar,
323 2932 348 2980 et
368 2932 482 2996 adstent
504 2924 537 2979 in
561 2924 677 2980 narniae
699 2923 830 2994 Domini,
848 2923 1000 2982 Sacerdote
1018 2925 1121 2998 priam
1143 2927 1187 2984 sic
1209 2929 1328 2987 cimae:

125 3005 272 3062 Dominus
287 3004 447 3060 vobiscum.

103 3136 106 3141 .
185 3084 322 3154 Benedie,
339 3084 475 3155 Domine,
491 3103 597 3159 panem
619 3085 711 3141 istum
733 3091 762 3141 et
786 3083 866 3141 hunc
888 3091 1001 3160 potum,
1017 3093 1151 3144 etcetera
1172 3097 1209 3146 ett
1232 3108 1325 3166 snpra,

144 3162 230 3220 .‘25'³²‘.

122 3184 143 3239 p
184 3243 274 3300 Necte
296 3263 359 3301 ecre
382 3254 511 3319 seqaente
533 3265 600 3302 cam
622 3265 743 3320 speresns
764 3255 790 3303 et
811 3264 916 3320 spensa
938 3244 979 3302 ad
1005 3245 1109 3303 tectam
1133 3250 1325 3323 pervenerint,

122 3325 237 3382 accedat
250 3322 389 3382 Sacerdos
403 3335 428 3382 et
442 3326 588 3383 benedicat
603 3326 773 3395 tbalanenne,
787 3327 884 3384 dicens
894 3350 902 3384 :
924 3326 1073 3382 Dominus
1086 3329 1255 3390 vobiscum.

184 3405 312 3462 Benedic
337 3405 501 3462 thalamum
524 3407 624 3477 istum,
648 3405 784 3478 Domine,
808 3413 839 3464 et
863 3426 962 3463 omnes
986 3407 1159 3467 habitantes
1182 3411 1218 3468 in
1243 3418 1326 3484 e0,et

123 3494 211 3543 cetera
227 3495 262 3542 at
276 3505 375 3561 sciara,
390 3506 417 3561 p.
436 3487 482 3544 39.

183 3581 296 3637 Deinde
311 3580 466 3637 benedictio
480 3601 566 3655 saper
581 3580 690 3638 tectam.

182 3661 319 3731 Benedic,
336 3661 474 3732 Domine,
489 3661 543 3718 hoc
565 3662 741 3734 cubiculum,
757 3661 882 3736 quinon
897 3660 1015 3731 dormiS,
1031 3670 1056 3719 et
1071 3672 1166 3722 cetera
1180 3675 1322 3745 utsupra,

121 3760 148 3814 p.
166 3739 230 3798 25e.

181 3823 294 3880 Deinde
301 3824 360 3895 fiat
376 3821 529 3879 benedictio
543 3842 628 3896 snper
642 3843 693 3880 eos.

182 3901 344 3958 Benedicat
360 3903 450 3974 Deus,
465 3922 594 3978 corpora,
609 3910 716 3975 vestra,
732 3912 757 3961 ct
772 3913 862 3961 cetera
875 3912 909 3960 at
923 3923 1015 3979 snpra
1029 3903 1141 3980 (ibid.)

180 3982 298 4052 Manae,
315 3983 447 4053 Domini,
464 3983 504 4040 sit
518 4003 606 4059 super
620 4004 680 4055 vos,
698 3993 723 4042 et
738 3993 829 4041 cetera
842 3993 989 4059 utsupra,
1005 4003 1032 4058 p.
1051 3984 1098 4042 26.

180 4062 340 4119 Benedicat
355 4082 407 4119 vos
422 4063 520 4135 Pater,
537 4071 567 4121 et
581 4064 685 4135 Filiae,
701 4073 727 4122 et
741 4073 830 4122 cetera
844 4074 878 4122 at
891 4084 984 4139 snpra
996 4064 1110 4142 (ibid.)

178 4139 214 4195 H
213 4142 238 4199 is
251 4143 349 4218 itaque
360 4145 486 4218 peractis
500 4145 628 4204 discedat
641 4144 782 4203 Sacerdos
795 4153 821 4203 et
835 4145 965 4203 dimittat
979 4164 1025 4203 ees
1038 4145 1073 4202 in
1080 4166 1166 4221 pace.

1006 2576 1016 2604 t
