2850 4800
185 270 245 331 18*
538 264 705 329 Maenade
720 264 768 330 ad
781 285 887 330 usum
901 265 1038 331 Sarum.

246 432 329 489 Tunc
352 434 503 507 interroyct
525 430 666 490 Sacerdos
686 430 786 489 banna
807 431 906 489 dicens
926 430 961 489 in
984 430 1090 508 lirmua
1110 441 1251 493 enatem
1270 434 1326 495 sub
1344 434 1396 495 liae

175 511 301 585 forma:

245 592 320 650 Ecce
344 592 537 650 convenimus
559 591 626 664 huc,
648 592 763 663 fmtres,
785 611 883 648 coram
907 591 972 650 Deo
999 597 1031 651 ei
1057 592 1172 669 angelis
1199 600 1233 653 et
1258 596 1395 653 omnibus

183 674 294 729 sanctis
318 674 388 749 ojus,
410 674 442 729 in
466 673 540 729 facie
560 673 708 744 Ecclesiae,
730 672 768 728 ad
788 672 1028 749 conjungendum
1049 673 1110 731 duo
1130 676 1395 751 capomatius

183 753 273 828 hujus
296 754 356 809 viri
378 760 407 811 et
429 754 518 828 hujus
539 753 680 825 mulieris
701 751 761 809 Hic
783 753 920 829 respiciat
940 752 1080 812 Sacerdos
1095 774 1242 830 personas
1263 776 1343 827 suas,
1361 763 1394 814 ut

184 834 289 889 amodo
304 834 364 890 sint
384 853 525 891 unacum
540 839 570 890 ct
584 834 649 890 dum
666 833 773 889 animoa
793 832 826 889 in
846 832 904 890 fide
921 838 952 890 et
966 834 998 891 in
1011 834 1075 911 lege
1088 832 1157 906 Dei,
1171 836 1212 893 ad
1228 854 1394 913 promeren-

183 913 253 969 dznn
267 914 355 970 simul
370 915 463 970 vitam
478 919 629 985 artemam,
641 913 787 988 quidquid
800 918 870 970 ante
884 914 939 970 hoc
952 914 1083 971 fecerint
1126 915 1291 975 Admoneo
1303 917 1394 993 igitur

185 1013 236 1050 vos
247 1014 356 1065 omncs,
370 1002 405 1050 ut
416 995 519 1069 siquis
531 1000 623 1051 estex
636 994 721 1051 vobis
732 994 783 1069 qui
794 993 908 1069 aliquid
919 994 1015 1051 dicere
1025 994 1099 1052 sciet
1113 1014 1206 1071 quare
1219 996 1274 1054 isti
1287 998 1394 1056 adoles

184 1080 283 1131 centes
298 1074 429 1150 legitime
443 1074 615 1131 contrahere
629 1093 690 1130 non
704 1074 826 1149 possint,
842 1074 930 1131 modo
943 1074 1127 1133 confiteatur.

246 1153 360 1212 Eadem
380 1153 541 1211 adrrmrcitio
554 1157 615 1229 fiat
635 1154 677 1212 ad
694 1154 793 1212 cirum
812 1163 839 1211 et
859 1155 900 1212 ad
919 1155 1079 1228 nculhrem,
1093 1164 1128 1213 ut
1147 1155 1177 1214 si
1196 1158 1274 1232 quid
1287 1158 1324 1217 ab
1336 1157 1393 1216 illis

184 1234 289 1292 occulte
309 1243 409 1292 actium
420 1234 528 1308 fuerit,
544 1235 588 1292 vel
607 1234 634 1291 si
654 1234 728 1309 quid
747 1234 917 1307 devorarint,
932 1234 978 1293 ecl
989 1234 1049 1293 alio
1068 1236 1154 1294 rnodo
1168 1236 1204 1295 de
1217 1258 1248 1296 se
1261 1238 1391 1297 noeaiat

184 1335 275 1388 acrore
290 1315 413 1390 lepitime
428 1314 592 1372 contrahere
609 1335 669 1372 non
686 1315 807 1390 possint,
826 1324 895 1372 tunc
912 1318 1111 1390 confiteantur.
1154 1314 1192 1374 Si
1204 1338 1272 1377 aero
1285 1318 1391 1395 aliquis

183 1395 423 1470 impedimentum
451 1394 573 1470 aliquod
590 1413 750 1470 preponere
771 1394 902 1467 coluerit,
924 1403 950 1453 et
976 1396 1018 1453 ad
1043 1395 1096 1454 hoc
1114 1397 1307 1473 probandum
1327 1419 1389 1457 aare·

185 1475 291 1532 tioncm
299 1476 478 1551 praetiterit,
495 1473 671 1549 differantur
687 1475 836 1550 spornalia
856 1495 1003 1551 quormque
1016 1476 1061 1533 rei
1073 1476 1182 1535 emitas
1194 1487 1386 1553 copnoscatur.

183 1556 219 1613 Si
249 1576 313 1613 aero
340 1556 443 1614 nrdlus
465 1556 706 1631 impedimentum
727 1576 888 1631 proponere
918 1556 1050 1627 voleurit,
1071 1556 1229 1633 irderrop'et
1253 1556 1388 1617 Sacerdos

184 1637 277 1692 dotem
297 1637 437 1707 midinis,
452 1636 582 1694 videlicet
596 1636 701 1693 arrhas
714 1635 860 1711 spornales
868 1657 880 1705 ,·
902 1645 929 1693 et
947 1636 1091 1694 (luuntur
1108 1637 1207 1695 arrha
1228 1638 1338 1697 annuli
1348 1638 1390 1699 rel

180 1716 308 1790 pecunia
332 1716 452 1773 eolalia
465 1738 510 1774 ros
532 1716 639 1774 darida
659 1736 769 1792 sponsa
783 1735 838 1791 per
851 1736 1008 1791 sponsmn:
1028 1737 1094 1792 aare
1107 1718 1191 1776 datio
1204 1719 1387 1778 sacbcarhatio

184 1797 204 1851 d
208 1796 302 1867 icitur,
314 1797 461 1872 praecipue
477 1806 539 1854 tune
553 1797 672 1872 quando
677 1800 718 1873 fit
726 1817 783 1872 per
795 1796 904 1854 nartali
917 1796 1065 1855 dationem
1075 1821 1085 1857 .·
1105 1807 1132 1857 et
1147 1806 1219 1857 tunc
1231 1800 1387 1877 auleariter

184 1877 365 1951 (lespmnsatio
379 1887 505 1934 uocatur.

244 1957 315 2014 Non
332 1957 441 2031 fidabit
466 1957 606 2015 Sacerdos
630 1977 681 2015 nec
705 1955 859 2015 consentiet
875 1959 916 2014 ad
935 1958 1112 2032 fidationem
1139 1958 1219 2017 inter
1241 1960 1340 2019 oirran
1361 1968 1385 2017 et

183 2037 333 2095 audieram
354 2047 421 2094 ante
442 2039 559 2095 tertimn
580 2038 692 2095 dictam
713 2038 884 2096 brcrrnorum.
927 2038 1016 2096 Debet
1036 2038 1114 2095 enim
1134 2037 1278 2099 Sacerdos
1292 2042 1386 2099 banrza

183 2118 217 2174 in
229 2117 312 2191 facie
336 2119 468 2176 Ecclesia
489 2119 573 2192 infra
593 2118 751 2174 missarum
769 2117 926 2197 sollemnia,
941 2138 1008 2176 cum
1021 2118 1117 2193 major
1132 2120 1243 2195 parali
1262 2120 1387 2197 aclssarit

184 2198 350 2269 ricrcltitudo,
364 2219 419 2274 per
441 2208 496 2256 tres
509 2199 570 2255 dies
590 2197 737 2256 sollemnes
757 2206 782 2255 et
803 2197 973 2273 disjunctas,
989 2199 1187 2275 interropare:
1208 2199 1302 2259 itaut
1315 2202 1386 2259 inter

183 2299 418 2353 ariumquenupce
433 2280 509 2336 diem
522 2278 686 2337 sollemnem
700 2278 786 2336 cadat
799 2277 841 2335 ad
852 2279 953 2336 minus
964 2298 1028 2336 una
1041 2280 1104 2337 dies
1110 2278 1244 2354 ferialis.

243 2359 332 2416 Debet
354 2360 442 2417 ctiam
463 2358 602 2417 Sacerdos
624 2359 781 2416 terminum
800 2362 949 2434 praeficere
970 2368 1177 2435 competentem,
1200 2360 1288 2438 infra
1307 2381 1386 2438 quem

183 2439 237 2513 qui
256 2441 377 2498 oolrrerit
397 2449 422 2496 et
443 2440 568 2497 caluerit
589 2439 750 2513 lepitinrum
770 2448 897 2514 appronat
917 2439 1173 2515 impedimentum:
1193 2442 1268 2500 etsi
1280 2452 1385 2501 contra·

183 2520 279 2577 hcrrtes
289 2522 472 2578 discissarum
482 2519 767 2595 sintparochiarnm,
781 2529 850 2577 tune
860 2519 895 2577 in
904 2529 1028 2595 utraque
1037 2519 1168 2579 Emicsia
1176 2522 1386 2597 parochiarum

185 2600 306 2657 illarum
320 2610 389 2659 sunt
403 2602 502 2658 baruca
515 2600 731 2675 interropanda.

244 2681 279 2739 Si
299 2692 396 2739 cratem
417 2681 509 2738 reicias
530 2690 556 2738 et
577 2680 704 2756 ejusdem
725 2680 786 2738 sint
801 2679 958 2756 parochia,
978 2688 1048 2739 tunc
1068 2688 1186 2740 tantum
1206 2680 1243 2741 in
1261 2682 1386 2743 Ecclesia

182 2761 266 2818 illius
287 2762 435 2837 parochice
464 2763 562 2819 bearna
587 2762 807 2835 interreperetur.
860 2759 1001 2819 Sacerdos
1026 2780 1091 2819 uero
1114 2762 1169 2837 qai
1196 2764 1385 2823 catamitae

183 2842 450 2900 rrrcrtrimouialibus
473 2851 540 2899 arde
564 2842 675 2898 trinam
702 2841 864 2899 sollemnem
887 2841 1143 2915 interropationem
1160 2842 1338 2917 manorum,
1354 2852 1385 2901 ut

179 2923 355 2995 pradictum
372 2932 420 2994 est,
431 2922 650 2997 praesumpserit
670 2922 812 2994 interesse,
828 2941 947 2997 parcam
967 2922 1164 2997 misprendonis
1181 2924 1219 2981 ab
1236 2926 1329 2999 officio
1336 2944 1386 3003 per

185 3002 346 3058 triennium
359 3003 494 3060 incurrit.

244 3081 387 3140 Similiter
401 3083 539 3142 Sacerdos
546 3082 727 3158 parochialis
737 3083 790 3157 qui
803 3082 995 3140 matrimonia
1007 3082 1191 3141 cloardestina
1202 3084 1238 3142 in
1246 3084 1384 3161 parochis

183 3179 240 3218 saa
255 3162 407 3235 prohibere
428 3164 634 3238 contempserit,
657 3164 694 3221 ab
716 3163 806 3238 abicio
824 3184 879 3238 per
901 3163 1063 3221 trienninm
1082 3162 1161 3222 debet
1181 3166 1385 3241 misperedi;et

182 3242 304 3315 praeires
318 3252 357 3299 est
365 3243 548 3318 proiciendus,
564 3245 592 3301 si
605 3243 696 3319 culpae
709 3243 839 3318 qualitas
852 3243 885 3300 id
900 3241 1041 3318 requirat.
1082 3242 1384 3305 Prohibentaranttm

184 3322 364 3380 <aeramnae
377 3325 570 3382 nudrimonia
583 3324 696 3399 duplici
708 3324 821 3382 ratione
831 3345 844 3394 ,·
865 3323 1002 3396 uidelicet,
1017 3343 1054 3382 ne
1073 3324 1127 3382 sub
1139 3344 1192 3401 spe
1204 3325 1384 3385 mammarii

184 3403 381 3461 committatur
389 3404 573 3479 fornicatio:
595 3413 622 3462 ct
638 3424 674 3462 ne
691 3404 947 3462 aratrimonialiter
967 3403 1115 3481 conjuncti
1133 3404 1247 3481 injmte
1259 3426 1383 3485 sapam·

184 3491 241 3540 tur.
283 3482 364 3559 Sape
377 3486 455 3543 enim
468 3486 503 3542 in
515 3485 705 3543 matrimonio
719 3485 826 3543 occulto
840 3484 914 3543 alter
922 3484 1078 3560 conjccpum
1085 3493 1184 3543 mutat
1191 3488 1381 3565 propositam,

183 3573 209 3620 ct
223 3564 347 3622 dimittit
360 3566 507 3641 reliquum
516 3565 740 3640 probationibus
750 3565 923 3624 destitutum
931 3573 956 3623 et
965 3562 1162 3623 circeremedio
1175 3566 1381 3627 restitutionis:

182 3653 208 3702 et
222 3645 286 3703 ideo
294 3647 468 3721 prohibeant
481 3645 647 3704 Sacerdotes
651 3645 823 3720 frequenter
827 3644 1023 3721 parochianos
1030 3663 1098 3703 suos
1105 3664 1142 3703 ne
1151 3646 1223 3705 aaa
1236 3646 1381 3725 sibifidern

182 3735 292 3798 raiano,
309 3727 358 3783 sed
377 3747 476 3784 coram
491 3725 618 3800 publicis
638 3735 663 3782 et
683 3725 809 3784 honestis
816 3725 950 3801 personis
968 3725 1074 3784 adhoc
1087 3726 1264 3789 constitutis.
1308 3726 1381 3800 Quis·

182 3806 250 3878 qais
263 3807 351 3864 etiam
372 3807 512 3865 Sacerdos
529 3826 580 3864 seu
601 3805 749 3863 secularis
770 3826 820 3864 seu
839 3805 984 3880 rcpuhcnis
996 3806 1129 3877 extiterit,
1146 3807 1201 3881 qui
1213 3806 1381 3869 sollemniai-

131 3919 133 3922 <
181 3887 288 3944 ticrccm
308 3887 493 3944 matrimonii
517 3895 599 3944 entra
618 3886 778 3944 Ecclesiam
793 3885 992 3960 parochialem
1013 3887 1058 3944 ael
1075 3886 1221 3962 capclhrm
1244 3890 1379 3949 actam

174 3966 251 4039 jura
260 3968 407 4040 parochiae
427 3967 483 4025 sibi
500 3967 535 4025 ab
555 3967 679 4041 arctiquo
699 3967 896 4041 competentia,
912 3966 1018 4042 absque
1032 3966 1190 4026 dioecesani
1201 3968 1261 4029 loci
1274 3966 1377 4029 liberatio

181 4047 298 4120 speciali
326 4049 460 4106 celebrare
478 4046 699 4122 praesumpserit
720 4056 773 4103 ant
794 4045 975 4104 celebrationi
991 4047 1132 4119 interesse,
1154 4048 1221 4126 ipso
1233 4050 1320 4125 sacto
1334 4064 1378 4124 po·

181 4146 296 4184 (carram
309 4130 455 4202 inteprum
469 4127 505 4185 ab
519 4128 607 4201 officio
621 4136 661 4184 est
674 4146 838 4202 suspensus.
1424 4187 1425 4190 ,

241 4208 345 4266 Postea
359 4210 438 4267 dicat
452 4208 591 4268 Sacerdos
603 4209 645 4265 ad
657 4207 756 4265 cirum
769 4206 881 4265 cunctis
889 4205 1077 4266 audientibus
1089 4206 1124 4266 in
1137 4207 1248 4285 theam
1256 4218 1376 4271 manau
1424 4267 1425 4272 ,

180 4303 241 4346 sce:

240 4368 292 4439 N,
307 4368 364 4426 Vis
378 4369 485 4426 habere
499 4368 576 4427 hanc
589 4367 744 4426 mulierem
758 4367 790 4425 in
804 4386 949 4445 sponsam,
960 4372 992 4426 et
1004 4386 1071 4427 eam
1084 4368 1221 4448 diligere,
1235 4372 1375 4439 honorare,
