2866 4846
231 941 411 1025 ORDO
472 942 565 1025 AD
626 943 1213 1029 OATDOHUMENUM

501 1121 942 1206 FAOIDNDUM.

177 1489 334 1566 Impoimis
353 1489 505 1564 deseratur
522 1489 626 1566 inscios
646 1492 688 1549 od
706 1490 807 1550 coleos
824 1489 966 1564 Ecclesiae,
988 1498 1015 1550 et
1032 1490 1168 1568 inquirat
1184 1491 1325 1553 Scordo·

116 1607 150 1646 ex
163 1586 306 1646 obstetrice
318 1593 422 1644 eoum
435 1586 540 1661 dieseos
552 1587 591 1645 sit
607 1586 758 1647 oeosccdcco
770 1586 946 1662 oeifimioo.
988 1587 1113 1662 Deinde,
1128 1587 1325 1663 otiosomeit

116 1683 281 1758 baptizatus
300 1682 381 1740 domi
400 1691 427 1741 et
450 1703 508 1758 quo
531 1684 648 1742 nomine
671 1684 770 1742 oocooe‘
793 1685 898 1744 debeat.
952 1683 1034 1744 Licet
1057 1685 1136 1743 enim
1159 1684 1325 1762 baptizatus
1408 1686 1415 1725 Γ

105 1778 207 1852 suerit
230 1778 310 1837 domi
324 1788 446 1856 propter
466 1779 635 1855 periculosos
658 1781 770 1852 mortio,
792 1790 884 1840 totum
907 1789 1005 1840 tomen
1029 1781 1132 1841 tabeat
1151 1782 1324 1858 subsequens

115 1875 607 1952 servitiompcoetecimoeecsiooem.
636 1875 1324 1940 *Maeoniosooomecoeoecorooeooessooer-

116 1973 200 2046 dotis,
225 1972 332 2032 molier
354 1994 419 2032 oero
443 1995 463 2032 o
484 1973 645 2034 sioiom*
698 1975 759 2034 Hc'o
777 1977 878 2053 primo
898 1976 1035 2053 inquirat
1054 1975 1195 2036 Sacerdos
1217 1995 1322 2036 nomen

115 2067 244 2141 insontis
256 2068 296 2128 N.
339 2068 399 2127 His
412 2070 542 2144 quesitis
552 2069 691 2130 Sacerdos
704 2071 830 2146 insufflet
843 2060 995 2145 infaciem
1003 2072 1094 2148 poesi
1108 2072 1202 2139 tribuo,
1213 2072 1324 2132 vicum

113 2162 206 2236 semei,
220 2164 339 2222 dicem:

175 2258 228 2331 N„
252 2259 366 2333 Accipe
393 2258 540 2334 Spiritum
568 2259 718 2318 Sanctum.
782 2260 829 2318 Tu
856 2265 956 2318 autem
984 2261 1124 2336 effugere,
1145 2259 1271 2333 diabole,
1292 2265 1323 2319 et

115 2372 249 2430 prospare
261 2353 466 2410 habitaculum
479 2353 628 2427 Domin03
648 2355 699 2412 exi
712 2355 750 2411 ab
765 2373 807 2428 eo,
819 2355 942 2431 spiritus
954 2355 1117 2428 immunde,
1131 2359 1162 2412 et
1176 2355 1214 2412 do
1227 2355 1324 2414 locum

117 2447 246 2523 Spiritui
273 2447 382 2505 Sancto
410 2448 567 2506 Poraoiito.
631 2449 671 2506 In
699 2449 819 2508 nomine
847 2448 948 2507 Patris
977 2455 1009 2509 et
1036 2449 1109 2508 Filii
1136 2455 1167 2508 et
1194 2449 1324 2528 Spiritus

117 2542 227 2601 Sancti
270 2544 379 2601 Amen.

178 2645 291 2705 Deinde
301 2647 405 2722 fociot
417 2645 556 2706 Socecdoo
573 2647 692 2722 siqnwm
709 2649 803 2708 crucio
820 2669 888 2708 cecos
901 2648 1008 2726 podice
1020 2649 1055 2708 io
1064 2647 1168 2724 fronte
1185 2649 1321 2732 o‘oofomiie,

68 2780 72 2785 -
114 2743 234 2802 dicens:
255 2742 294 2802 N.
297 2787 307 2815 ‚
327 2743 453 2818 Signum
466 2749 574 2802 sanetae
588 2744 683 2802 crucis
696 2743 738 2824 ›1‹
750 2744 784 2802 in
796 2744 895 2803 fronte
908 2750 962 2803 tna
974 2749 1084 2823 pono.†

176 2845 366 2922 Toocfoeiot
376 2866 489 2906 croceos
501 2847 536 2904 io
544 2855 658 2923 pectore
667 2847 804 2923 infantie,
815 2849 914 2909 dioeces
924 2874 934 2910 .·
943 2895 945 2899 .
955 2849 994 2908 N.
998 2894 1006 2923 ,
1020 2849 1147 2927 Signum
1157 2850 1322 2912 Salvatoris

114 2944 239 3003 Domini
251 2944 348 3003 nostri
360 2944 383 3002 J
383 2963 436 3002 esu
450 2944 562 3003 christi
575 2945 609 3001 in
626 2951 745 3022 pectore
757 2952 811 3006 tuo
824 2966 911 3023 pono.

174 3047 287 3110 Deinde
300 3049 439 3129 Sacerdos
453 3059 550 3119 teocoe
569 3070 692 3110 oeoouoe
706 3052 853 3111 dexteram
865 3071 953 3129 sopor
970 3059 1068 3132 caput
1078 3052 1208 3130 isefontis
1220 3054 1322 3116 dicei:

117 3148 265 3205 Dominus
278 3147 438 3205 vobiscum.
482 3147 524 3205 Et
539 3167 606 3205 oum
620 3147 729 3225 spiritu
742 3154 803 3207 tue.
848 3149 983 3208 Oremus.

175 3251 371 3328 Omnipotens
393 3251 571 3328 sempiterne
595 3253 687 3326 Deus,
712 3252 804 3310 Pater
829 3253 954 3311 Domini
977 3254 1073 3311 nostri
1095 3253 1171 3312 ‹Tesu
1198 3253 1321 3327 christi,

113 3347 257 3423 respicere
280 3347 402 3423 dignare
426 3361 515 3424 super
537 3347 617 3406 huno
640 3349 786 3406 famulum
806 3355 894 3406 tuum
913 3349 963 3423 N„
984 3369 1074 3426 quem
1094 3350 1132 3407 ad
1152 3349 1322 3408 rudimento

113 3443 184 3503 fidei
191 3463 295 3503 vocare
305 3445 446 3521 dignatus
456 3464 486 3503 es
497 3464 507 3519 3
527 3464 646 3503 omnem
655 3446 819 3504 coecitatem
829 3447 925 3505 cordis
935 3447 973 3505 ab
983 3447 1141 3524 eoexpeile
1147 3467 1157 3521 3
1171 3446 1321 3524 disrumpe

112 3558 215 3600 omnes
236 3540 357 3618 laqueos
377 3541 503 3614 Satanae,
525 3541 633 3618 quibus
659 3542 757 3601 fuerat
784 3542 947 3618 colligatus.
1001 3541 1098 3618 Aperi
1122 3542 1159 3613 ei,
1180 3541 1319 3616 Domine,

108 3638 233 3711 januam
242 3636 362 3713 pietatis
372 3641 441 3709 tuae,
451 3643 488 3694 ut
497 3638 582 3714 signo
592 3638 745 3714 sapientiae
755 3644 816 3695 tuse
826 3639 959 3695 imbutus
972 3638 1107 3695 omnium
1120 3637 1319 3714 cupiditatum

111 3732 265 3790 foetoribus
282 3739 389 3807 careat,
405 3739 436 3790 et
451 3733 489 3791 ad
510 3735 771 3792 suovemodorem
784 3740 998 3811 praeceptorum
1018 3739 1140 3791 tuorum
1160 3732 1246 3819 iaetus
1260 3732 1318 3791 tibi

111 3829 144 3886 in
158 3829 289 3889 Ecclesia
302 3835 357 3889 tus
369 3831 525 3904 deserviet,
537 3837 568 3889 et
581 3831 716 3908 proficiat
730 3832 768 3889 de
781 3832 829 3890 die
842 3831 876 3889 in
889 3831 977 3904 diem,
987 3837 1023 3889 ut
1036 3831 1162 3889 idoneus
1175 3829 1320 3888 efficiatur

109 3924 247 3984 secedere
274 3926 313 3984 sd
336 3926 464 4003 gratiam
486 3927 630 4002 baptismi
656 3929 705 3986 tui
731 3915 870 4005 percepto
892 3927 1047 3986 medicina.
1107 3925 1167 3985 Per
1191 3923 1319 3982 eundem

109 4020 275 4080 Dominum
288 4027 432 4083 nostrum.
474 4023 582 4082 Amen.

171 4189 184 4215 '
200 4189 355 4237 Om-York
364 4191 412 4237 ond
422 4191 515 4250 Bodloy
525 4190 600 4237 MSS.

171 4273 270 4367 fnYork
279 4273 378 4321 MS.—“
386 4274 490 4335 Signum
505 4279 608 4324 anetem
623 4275 690 4324 rucis
704 4267 746 4349 ᾖ
761 4274 860 4324 Domini
874 4274 953 4322 nostri
962 4273 1024 4323 Jesu
1033 4262 1127 4322 obiisti
1139 4271 1167 4319 in
1181 4269 1263 4319 fronto
1277 4274 1320 4319 too

114 4356 185 4402 pono.
