2872 4816
66 294 148 359 aaa·
420 288 539 356 resne
554 250 594 375 of'
606 285 763 372 9199999
777 288 916 373 prayer.

64 479 103 523 rs
116 456 214 521 sende
229 477 272 520 on
286 461 360 546 erpe
376 460 432 546 pat
449 460 489 546 pe
508 453 597 538 fruyt
617 458 673 544 pat
694 452 723 518 is
736 457 794 543 per
807 452 884 517 inne
898 452 1006 518 thriue
1026 452 1093 519 and
1114 452 1143 518 is
1159 452 1227 520 fort
1240 461 1274 521 to

64 543 130 608 don
144 550 240 607 turne
249 542 373 607 eristen
386 563 460 606 men
476 547 510 605 to
523 539 610 625 help.

132 627 180 693 Xe
194 627 336 716 schnllep
351 627 418 692 also
432 626 529 692 bidde
539 625 744 711 speciallicbe
758 624 810 689 sor
823 624 855 689 al
868 630 924 716 pat
938 624 988 712 pis
1003 625 1134 692 chirche
1151 626 1272 718 helpub

63 714 126 803 wip
149 723 210 799 eny
231 736 368 779 manner
389 713 496 812 thing,
519 713 608 778 wher
631 711 703 777 God
725 711 790 776 and
812 712 897 776 seint
918 713 963 778 N.
987 713 1051 800 bul>
1073 718 1113 801 be
1132 712 1272 799 feirury

63 801 178 866 serued
192 800 256 865 and
278 809 283 821 ’
305 799 511 884 worsoheprd.

131 885 179 950 Xe
193 887 248 951 sch
298 886 365 951 also
379 885 476 950 bidde
490 883 541 950 191
550 906 650 970 goare
664 881 733 961 9911,
748 888 803 974 pat
815 883 890 948 God
904 882 955 948 for
968 882 1021 947 his
1034 882 1135 948 merei
1150 892 1274 969 gruunt

63 995 135 1059 gow
146 995 241 1059 grace
255 994 290 1037 so
304 994 403 1122 gprue
416 970 460 1034 lif
470 972 546 1035 here
560 979 595 1034 to
608 969 689 1046 lede,
702 970 779 1053 hym
793 968 859 1033 sort
873 976 907 1034 to
922 991 1122 1054 quemeoure
1133 970 1223 1036 seule
1237 977 1273 1036 to

64 1081 148 1137 saue,
165 1060 229 1123 and
243 1064 298 1149 pat
339 1058 364 1122 't
378 1064 445 1122 mot
459 1079 494 1122 ao
508 1057 549 1121 be
559 1056 610 1120 for
623 1078 695 1142 gow
709 1056 774 1119 and
788 1055 839 1119 for
852 1077 891 1119 us
906 1054 1035 1119 audior
1049 1054 1112 1119 alle
1126 1054 1275 1126 christen

62 1168 122 1231 pec
144 1144 176 1209 le
190 1150 312 1233 suggep
327 1166 347 1208 a
361 1143 460 1207 Pater
471 1150 581 1208 noster
595 1142 659 1206 and
673 1141 746 1206 Ave
761 1140 867 1205 Maria
881 1163 941 1225 par
955 1140 1088 1206 charite.

161 1253 217 1295 eus
238 1231 429 1294 misereatur
449 1228 553 1294 nostri
574 1235 607 1292 et
628 1226 797 1292 benedicat
817 1226 929 1291 nobis:
956 1225 1120 1291 illuminet
1141 1226 1273 1295 vultum

63 1338 157 1381 suum
171 1338 269 1401 super
283 1338 340 1380 nos
355 1321 388 1379 et
401 1314 592 1379 misereatur
605 1312 715 1378 nostri.

128 1402 177 1468 Ut
203 1423 432 1487 cognoscamus
456 1401 493 1464 in
514 1407 602 1465 terra
623 1399 727 1465 vitem
747 1406 857 1465 tuam:
887 1397 924 1463 in
945 1398 1095 1464 omnibus
1118 1400 1273 1485 gentibus

62 1488 202 1553 salutare
216 1496 318 1553 tuum.

128 1574 352 1640 confiteantur
364 1571 427 1638 tibi
464 1571 553 1657 opuli
567 1571 676 1636 Deus:
699 1570 914 1636 confiteantur
926 1570 988 1636 tibi
1002 1570 1115 1657 populi
1129 1592 1249 1636 omues.

128 1661 294 1727 Iaetcntur
322 1667 355 1725 et
383 1682 425 1724 ex
461 1665 532 1723 tent
561 1664 695 1743 gentes:
732 1657 884 1742 quoniam
912 1656 1040 1744 judicas
1068 1655 1205 1743 populos
1234 1657 1271 1723 iu

62 1749 226 1834 acquitate,
242 1754 275 1811 et
290 1753 402 1832 gentes
416 1746 452 1810 in
467 1752 554 1809 terra
568 1742 694 1828 dirigis.

127 1834 350 1899 confiteantur
364 1832 425 1896 tibi
443 1829 565 1916 populi,
581 1829 678 1907 Deus,
695 1828 910 1894 confiteantur
928 1828 989 1895 tibi
1007 1827 1119 1914 populi
1134 1850 1268 1895 omnes:

60 1929 147 1984 terra
161 1920 251 1984 dedit
265 1918 407 1983 fructum
421 1939 524 1982 suum.

125 2005 303 2070 Benedicat
311 2026 369 2068 nos
378 2002 481 2081 Deus3
497 2002 586 2067 Deus
594 2001 881 2067 nosterbenedicat
892 2001 1062 2067 nosDeus:
1078 2006 1112 2066 et
1120 2007 1272 2066 metuant

60 2115 134 2157 eum
149 2113 259 2156 omnes
273 2090 353 2154 fines
367 2097 471 2154 terrae.

125 2177 238 2242 Gloria
252 2175 354 2240 Patri.
399 2176 491 2240 Sicut
505 2174 575 2240 erit.

124 2263 229 2348 Kyrie
244 2262 384 2347 eleyson.
430 2259 558 2325 Christe
572 2261 711 2346 eleyson.
757 2257 862 2345 Kyrie
876 2257 1016 2346 eleyson.

126 2349 353 2413 Paternoster.
391 2346 437 2410 Et
448 2369 489 2411 ne
499 2368 567 2411 nos.
605 2347 790 2413 Sedlibera.

125 2434 267 2500 Ostende
281 2433 382 2509 nobis,
396 2432 544 2508 Domine,
558 2433 810 2499 misericordiam
824 2437 923 2495 tuam.
968 2430 1014 2494 Et
1027 2430 1197 2496 salutare·

125 2520 310 2586 Sacerdotes
325 2518 374 2583 tui
389 2517 567 2582 induantur
580 2519 752 2604 justitiam.
798 2518 843 2582 Et
858 2516 961 2580 sancti
975 2517 1034 2580 tui.

125 2606 273 2682 Domine,
291 2604 417 2670 salvum
432 2604 482 2668 fae
497 2627 618 2689 regem.
662 2606 707 2668 Et
722 2603 849 2669 exaudi.

125 2692 236 2757 Salvos
252 2691 302 2756 fac
317 2713 423 2755 servos
439 2697 511 2754 tuos
524 2701 557 2754 et
572 2690 704 2755 ancillas
720 2699 800 2754 tuas
846 2688 934 2753 Deus
948 2711 1047 2752 meus.

125 2778 257 2844 Salvum
277 2779 328 2842 fao
347 2776 503 2861 populum
522 2783 624 2854 tuum,
641 2777 790 2854 Domine,
806 2783 839 2840 et
853 2775 987 2840 benedic
1002 2774 1177 2840 hereditati
1192 2782 1267 2842 tuae.

60 2865 104 2928 Et
119 2888 154 2930 re
179 2887 273 2928 eeos.

123 2888 272 3026 deine,
288 2949 345 3012 fiat
359 2970 425 3033 pax
439 2948 474 3012 in
489 2948 610 3013 virtute
624 2956 689 3013 tua.
734 2948 780 3012 Et
795 2947 1003 3012 abundantia.

123 3036 272 3112 Domine,
288 3035 405 3098 exaudi
424 3035 601 3099 orationem
616 3057 730 3098 meam.
775 3035 820 3097 Et
834 3033 954 3098 clamor
968 3056 1068 3098 meus.

124 3122 283 3185 Dominus
298 3121 471 3185 vobiscum.
518 3120 663 3184 Orcmus.
1216 3186 1219 3191 ,

123 3207 212 3270 Deus
238 3206 294 3290 qui
317 3206 461 3270 caritatis
486 3206 570 3269 dona
592 3229 651 3290 per
674 3203 813 3291 gratiam
837 3204 947 3269 Sancti
974 3204 1114 3290 Spiritus
1135 3213 1267 3271 tuorum

58 3293 205 3358 cordibus
219 3291 362 3355 fidelium
377 3290 532 3366 infundis,
548 3291 589 3354 da
611 3291 741 3355 famulis
756 3299 789 3355 et
804 3291 984 3355 famulabus
996 3291 1060 3355 tuis
1074 3314 1133 3376 pro
1147 3292 1267 3377 quibus

9 3446 12 3451 ,
58 3388 147 3444 tuam
162 3379 371 3462 deprecamur
385 3376 590 3441 clementiam
599 3377 735 3441 salutem
750 3378 867 3440 mentis
883 3385 915 3440 et
926 3377 1081 3461 eorporis;
1097 3383 1136 3440 ut
1150 3385 1182 3441 te
1197 3385 1266 3442 tota

57 3465 178 3529 virtute
196 3464 345 3548 diligant,
361 3469 393 3526 ct
409 3485 481 3548 quae
495 3462 555 3526 tibi
574 3463 695 3548 placita
714 3470 790 3527 sunt
809 3470 877 3527 tota
892 3463 1064 3526 dilectione
1083 3463 1264 3546 perficiant,

57 3557 92 3615 et
101 3573 213 3636 pacem
221 3557 311 3613 tuam
321 3550 440 3613 nostris
452 3550 588 3614 concede
600 3550 803 3635 temporibus.
838 3548 903 3613 Per
912 3547 1078 3614 Christum
1089 3547 1268 3614 Dominum

56 3645 211 3702 nostrum.
256 3635 372 3700 Amen.

123 3723 170 3787 Xe
194 3721 335 3808 schullep
360 3721 497 3806 kneling
521 3721 618 3785 biddc
644 3720 694 3785 191
721 3743 819 3808 genre
842 3719 948 3785 fadres
970 3720 1084 3799 soules,
1112 3721 1162 3786 for
1188 3744 1266 3786 oure

56 3809 167 3873 modre
176 3808 289 3883 soules,
301 3809 351 3871 for
360 3830 457 3893 goare
469 3809 587 3897 bropur
597 3808 708 3883 9911199,
717 3809 766 3871 191
776 3813 884 3871 suatur
895 3807 1007 3884 soules,
1018 3808 1175 3894 forgoure
1187 3809 1266 3894 god-

58 3896 152 3959 fadur
164 3893 277 3970 soules,
291 3892 341 3957 for
356 3894 460 3976 godde
470 3896 585 3957 modur
596 3893 709 3970 soules,
725 3894 790 3957 and
799 3893 848 3957 for
859 3892 922 3957 alle
936 3894 1141 3979 gourkinnes
1152 3894 1264 3960 soules.

124 3980 170 4044 Xe
190 3979 363 4044 schul'also
377 3979 474 4043 bidde
488 3979 539 4044 for
560 3978 622 4043 alle
642 3985 680 4068 pe
702 3979 806 4044 soules
821 3979 909 4043 whos
928 3981 1027 4044 bones
1041 3986 1150 4069 restup
1165 3979 1265 4128 inupis

57 4067 187 4131 chirche
199 4089 234 4129 or
246 4065 436 4149 chirchehey
452 4088 489 4129 or
499 4065 533 4128 in
545 4075 606 4149 orry
618 4071 697 4216 opur
708 4065 775 4130 boli
786 4065 886 4151 place,
899 4067 964 4130 and
974 4065 1025 4130 for
1036 4065 1098 4130 alle
1109 4072 1149 4155 he
1161 4088 1194 4129 so
1231 4087 1266 4130 99

56 4159 112 4242 pat
134 4152 258 4240 habbeh
300 4150 344 4215 ife
369 4150 482 4214 inber
506 4150 608 4235 lyfor
654 4157 793 4240 yquepe
818 4174 882 4235 eny
899 4174 1030 4216 manere
1056 4152 1140 4236 good
1162 4158 1195 4214 to
1214 4152 1264 4241 pis

56 4237 156 4323 place,
172 4237 261 4301 wher
275 4175 325 4300 ior
340 4236 446 4301 Godes
460 4238 581 4300 seruice
595 4236 622 4300 is
637 4245 672 4317 he
687 4238 784 4301 feiror
798 4246 817 4321 y
832 4237 873 4301 do
887 4237 922 4300 in
937 4238 983 4321 pis
997 4237 1072 4322 hely
1087 4237 1183 4302 stede.

26 4452 56 4512 Ι
490 4375 508 4412 'l
527 4373 573 4452 θῇ
589 4396 692 4454 separo,
703 4396 733 4459 p.
752 4375 825 4437 134.
