2866 4846
164 313 225 378 68*
519 302 865 370 Manuateadasam
879 301 1015 369 Sarum.
1093 318 1097 323 ·

226 475 338 532 Tamen
356 473 408 531 troc
427 489 488 529 non
510 471 656 529 recitatam
675 479 716 528 est
733 469 768 526 in
787 467 917 527 Ecclesia
937 467 1058 540 Sarum,
1080 468 1173 527 imaro
1193 470 1383 544 differantur

163 555 270 613 ibidem
283 552 453 627 hujusmodi
465 550 674 616 sollemnitates,
685 558 711 607 et
720 568 903 624 nnaqmque
912 567 1004 624 perse
1017 547 1200 609 sollermitas
1214 550 1381 623 mamona,

163 634 228 693 ticet
241 634 275 690 in
287 632 422 690 Ecclesiis
434 630 657 689 Paracniaiibus
663 630 735 703 fieri
747 649 808 687 non
820 628 922 687 valeat.

224 712 366 772 Similiter
385 712 419 768 in
439 711 573 769 omnibns
593 709 805 768 anniversariis
824 709 869 767 aei
887 707 1087 784 tmqintalibas
1106 728 1224 785 semper
1237 710 1383 769 dicantar

164 801 302 869 quattuor
317 791 468 850 Orationes
486 791 537 848 sab
553 809 617 847 una
635 789 814 847 conclusimus
827 797 888 846 tam
901 789 943 846 ad
955 788 1082 846 Placebo
1095 808 1189 864 arsam
1204 790 1252 849 ad
1263 790 1378 868 Dirige,

164 891 292 948 quarum
297 872 399 948 prima
412 871 450 928 sit
456 889 514 945 pro
527 869 578 927 illo
594 869 795 927 anniversario
805 869 849 926 rel
857 868 1012 943 triqintaii,
1021 868 1217 946 secundopro
1228 871 1378 948 episcopiis,

165 953 251 1012 tertia
259 971 317 1027 pro
322 950 474 1025 fratribus
487 959 513 1008 et
525 949 677 1020 sororibus,
694 959 720 1007 et
733 957 842 1024 quarta
853 947 1002 1023 pancratis.

224 1033 285 1093 Pro
304 1051 419 1107 corpore
436 1030 576 1105 prasenti
589 1029 785 1105 cujrescnnque
803 1026 905 1101 suerit,
921 1037 982 1085 tam
1001 1027 1043 1085 ad
1062 1027 1202 1101 Piscebo,
1223 1049 1323 1106 quam
1341 1031 1380 1089 ad

165 1112 269 1187 Dirige
283 1112 393 1169 damur
405 1111 456 1169 lroc
472 1110 592 1169 Oratio:
617 1109 751 1167 Oramus.

225 1191 318 1264 Deus,
342 1191 391 1248 cui
417 1190 570 1266 proprium
597 1196 642 1247 est
668 1189 801 1247 misereri
823 1207 937 1265 semper
959 1193 991 1245 et
1013 1206 1140 1264 parcere,
1165 1194 1200 1247 te
1225 1190 1377 1268 ¹supplices

164 1271 354 1347 deprecamur
367 1289 421 1346 pro
435 1271 534 1327 anima
547 1269 653 1326 famuli
665 1269 713 1327 tui
725 1270 765 1326 N.
781 1287 872 1344 quam
891 1267 978 1325 hodie
991 1267 1029 1325 de
1047 1268 1103 1325 hoo
1123 1268 1228 1327 seculo
1249 1272 1377 1347 migrare

159 1351 285 1427 jussisti,
301 1356 337 1407 ut
355 1370 415 1407 non
429 1351 529 1407 tradas
541 1368 607 1406 eam
627 1350 659 1406 in
677 1369 783 1406 manus
801 1347 923 1419 inimici,
937 1366 992 1404 nec
1011 1347 1198 1407 obliviscaris
1212 1348 1250 1407 in
1268 1351 1360 1409 finem
1368 1370 1375 1421 ;

163 1431 214 1488 sed
233 1431 338 1506 jubeas
361 1430 445 1487 illam
458 1431 495 1487 sb
517 1430 629 1506 angelis
652 1430 761 1487 sanctis
774 1428 883 1504 suscipi
902 1433 992 1503 atque
1005 1427 1044 1485 ad
1062 1427 1218 1504 regionem
1237 1431 1376 1488 vivorum

163 1511 302 1588 perduoi:
324 1511 439 1585 etquis
454 1510 488 1566 in
508 1517 538 1566 te
552 1510 682 1585 sperarit
704 1514 734 1566 et
747 1508 881 1578 credidit,
894 1513 1064 1566 sanctorum
1083 1513 1211 1566 tuorum
1224 1518 1377 1569 mereatur

163 1590 302 1648 societate
316 1590 418 1647 laeteri.

220 1670 266 1727 -In
279 1670 481 1728 anniuersario
501 1671 537 1728 de
551 1688 719 1745 quocunque
730 1668 828 1744 faerit
842 1669 883 1725 ad
903 1667 1028 1725 Placebo
1042 1674 1160 1726 tacitam
1180 1669 1310 1730 dicatur
1321 1670 1377 1729 isac

209 1770 280 1808 aens
296 1750 416 1809 Oratio:

163 1770 209 1826 ”q
224 1829 315 1902 Deus,
332 1830 585 1906 indulgentiarum
605 1829 743 1900 Domine,
758 1829 797 1886 ds
816 1827 922 1885 animes
935 1825 1041 1884 famuli
1059 1827 1108 1885 tui
1120 1826 1161 1886 N.
1181 1830 1275 1907 cujus
1294 1831 1374 1889 anni·

161 1912 325 1968 versarium
349 1910 539 1985 depositionis
560 1909 639 1966 diem
659 1926 931 1980 commemoramus,
955 1906 1101 1983 refrigerii
1129 1907 1244 1982 sedem,
1266 1911 1375 1988 quietis

162 1991 385 2061 beatitudinem,
402 1989 524 2047 luminis
538 1989 713 2047 claritatem.

222 2071 283 2128 Pro
306 2070 453 2145 tripintati
479 2068 645 2144 complendo
669 2068 714 2126 cet
739 2067 873 2143 completo
901 2085 951 2124 sen
981 2067 1256 2129 cannanei-attone
1283 2071 1375 2129 unias

162 2148 294 2215 defuncti
314 2151 358 2207 ret
375 2150 577 2225 plurimorum
598 2156 660 2207 tam
679 2149 721 2206 ad
737 2149 863 2205 Placeba
883 2165 975 2222 qutun
995 2145 1038 2204 ad
1053 2147 1160 2224 Dirige
1179 2149 1301 2209 diadar
1317 2151 1375 2209 lias

164 2230 285 2288 Oratio:

223 2311 314 2382 Deus,
329 2309 377 2366 cui
390 2309 542 2384 proprium
556 2314 602 2366 est
615 2308 747 2366 misereri
760 2327 875 2383 semper
888 2313 919 2365 et
932 2326 1069 2385 psrcerc;
1084 2307 1255 2383 propitiare
1267 2311 1373 2368 anima

161 2388 267 2446 famuli
280 2390 327 2447 tui
340 2390 379 2446 N.
383 2434 391 2462 ,
407 2396 438 2446 et
451 2389 551 2446 omnia
564 2390 626 2464 ejus
640 2393 759 2465 peccata
772 2388 900 2460 dimitte,
915 2395 950 2446 ut
965 2388 1069 2446 mortis
1083 2387 1214 2447 vinculis
1228 2391 1375 2450 absolutis

162 2470 289 2527 transire
304 2476 452 2527 mereatur
465 2470 503 2526 ad
516 2470 619 2526 vitam.

192 2623 196 2631 Ι
222 2550 284 2608 Pro
297 2551 434 2625 episeopis
447 2549 593 2625 ch'unctis
605 2549 649 2607 ad
659 2548 786 2606 Plsoebo
800 2555 915 2613 tantam
928 2547 1040 2606 dicitur
1052 2547 1111 2605 ista
1125 2546 1255 2611 Oratio:

223 2629 314 2701 Deae,
331 2632 383 2706 qui
396 2630 475 2686 inter
488 2629 669 2705 apostolicos,

223 2710 283 2768 Pro
288 2711 425 2784 fratibus
433 2719 459 2768 et
468 2709 614 2767 sororibra
623 2709 729 2768 nostris
737 2709 778 2766 ad
791 2707 918 2766 Placebo
928 2716 1046 2766 tantam
1058 2706 1172 2767 dicitur
1181 2708 1245 2767 ista
1255 2730 1376 2788 &worse

169 2789 288 2849 Oratio:

224 2870 314 2941 Deae,
329 2870 422 2926 veniae
436 2869 568 2944 largitor.

224 2949 325 3007 Oratio
354 2949 497 3024 pancratis
523 2949 564 3006 ad
592 2948 718 3006 Placebo
746 2946 890 3008 dicenda:
924 2946 1081 3020 Fidelium,
1110 2947 1204 3019 Deus,
1235 2953 1374 3011 omnium

164 3029 305 3087 conditor.

629 3159 682 3216 An
703 3158 895 3216 Mirareris.

222 3299 293 3358 Non
314 3301 425 3358 dicitnr
448 3300 595 3358 Dominus
622 3300 782 3369 vobiscum,
806 3319 896 3375 raaia
920 3301 1120 3376 Requiescant
1140 3299 1175 3358 in
1197 3320 1276 3378 pace
1288 3326 1298 3379 3
1327 3308 1376 3367 sed

162 3380 265 3454 absque
276 3380 426 3439 interuallo
436 3381 621 3457 incipiantur
629 3381 789 3438 Matutinus
796 3390 986 3440 mortuorum.
1013 3382 1123 3438 Peraea
1132 3384 1376 3464 quandocunque

162 3480 222 3517 raon
241 3461 351 3518 dicitur
364 3461 468 3536 Dirige
486 3462 587 3519 statim
602 3469 670 3537 post
684 3461 810 3518 Placebo
824 3469 858 3517 ut
871 3461 905 3518 in
918 3461 977 3519 Die
989 3460 1170 3518 Animarum
1187 3471 1215 3521 et
1234 3484 1258 3522 a
1273 3466 1375 3537 Quod

162 3541 306 3615 raaesima
324 3550 350 3599 et
370 3541 488 3616 qnando
507 3541 658 3600 Orationes
672 3540 823 3616 pradictus
841 3541 983 3599 dicuntur
995 3541 1029 3598 in
1045 3538 1300 3615 Lautumias
1315 3547 1375 3605 Die

161 3621 342 3679 Aniararum
361 3642 451 3697 usque
465 3621 506 3678 ad
520 3631 657 3696 quartam
675 3621 796 3679 Feriam
809 3628 876 3678 ame
893 3621 1018 3693 Pascha,
1033 3630 1102 3678 tunc
1114 3622 1211 3695 finita
1229 3624 1374 3686 Oratiom

161 3701 309 3759 Fidelium
323 3712 358 3759 ut
372 3722 464 3777 snpra
478 3702 588 3759 dictam
608 3710 656 3773 cst,
672 3702 773 3759 statim
786 3699 864 3758 dicat
884 3699 1024 3760 Sacerdos
1036 3709 1180 3760 mercator
1194 3706 1294 3780 officii,
1310 3708 1374 3765 sinc

162 3781 310 3839 Dominus
324 3783 483 3852 vobiscum,
498 3781 548 3838 hoc
561 3782 669 3839 modo:

222 3863 422 3938 Requiescant
435 3862 468 3917 in
481 3879 559 3936 pace.
602 3861 709 3919 Amen.

221 3941 237 3970 a
247 3941 289 3998 In
302 3942 484 4016 quotidianis
499 3949 593 3997 tanuen
611 3941 750 4016 obsequiis
771 3952 954 4000 mortuoram
971 3943 1057 4001 tertia
1069 3941 1166 4001 Lectio
1180 3962 1298 4022 semper
1309 3947 1372 4007 siris

160 4030 230 4079 nota
253 4024 371 4079 dicatur
392 4031 419 4080 et
439 4020 656 4095 respondeatur.
697 4021 747 4079 Aa
774 4023 945 4081 Matutinus
967 4032 1150 4081 mortuoram
1169 4042 1233 4082 aaa
1258 4028 1372 4087 dicitnr

160 4101 297 4172 Domine,
322 4101 409 4172 labia,
432 4121 483 4159 nec
505 4101 587 4157 Deus
614 4101 647 4157 in
673 4101 854 4176 adjutorium
866 4123 876 4175 3
906 4103 957 4161 sed
974 4103 1036 4160 sine
1059 4101 1239 4163 Inritatorio
1260 4116 1290 4165 et
1309 4108 1370 4165 aas

159 4180 278 4237 Porrima
299 4181 419 4253 Venite,
441 4180 606 4255 incipiatur
626 4179 798 4256 Antiplsona
823 4185 857 4241 in
877 4183 1022 4257 asperiori
1039 4182 1138 4257 arada
1157 4182 1212 4242 ltoo
1231 4186 1351 4246 modo!

168 4321 295 4329 —--—

658 4393 675 4425 '⁹‘
689 4395 754 4454 Om.
772 4395 837 4453 MS.
