2850 4800
189 268 248 329 20*
540 264 886 333 Maaaalcaduaam
899 266 1036 335 Sarum.

187 432 228 488 Et
242 431 371 508 Spiritus
385 432 505 490 Sancti:
527 432 631 490 deinde
644 441 750 507 quarto
763 432 855 508 dehita
871 432 978 506 diceas,
991 431 1101 491 Arnen.
1143 432 1251 509 Ihiqac
1263 433 1396 492 dandtat

185 512 341 583 annulum,
356 513 430 587 qaia
443 514 477 570 ia
494 513 603 570 medico
623 522 664 571 est
683 512 819 588 quadam
838 532 913 572 uena
927 513 1085 589 procederes
1103 532 1198 589 acque
1217 512 1262 573 ad
1278 532 1350 585 oor;
1368 522 1395 573 et

183 592 218 649 ia
239 593 394 650 sonoritate
416 594 531 668 arpenti
552 593 725 668 deeipaatar
745 593 864 652 laterae
885 593 1007 667 dilectio,
1031 614 1096 670 quea
1116 614 1229 671 reaper
1249 594 1331 653 later
1350 614 1393 653 eos

184 671 263 730 debet
276 693 332 730 esse
345 673 468 731 recena*

245 753 359 810 Deinde
373 754 524 811 inclinatis
542 773 642 811 eoram
655 753 808 829 capitibus,
823 754 902 813 dicat
914 754 1055 813 Sacerdos
1069 754 1296 814 irradiationem
1307 773 1389 831 saper

187 851 251 891 eos:

246 912 450 992 Benedictiffl
459 913 523 969 sitis
537 934 555 970 a
569 913 708 985 Domino,
722 914 775 989 qui
788 915 859 972 fecit
872 915 1019 973 mundum
1032 935 1072 973 ex
1083 914 1188 975 nihilo.
1231 917 1340 974 Amen.

244 995 350 1051 Postea
363 994 480 1051 dicatur
493 994 545 1051 iste
558 994 698 1051 Psalmas
710 1014 830 1069 sequano
843 994 895 1053 hoc
907 997 1014 1054 acodo:

245 1074 365 1146 Manda,
382 1074 473 1146 Deus,
488 1083 514 1130 et
528 1083 618 1132 cetera
631 1083 780 1151 utsupra,
796 1094 825 1151 p.
844 1076 890 1133 28.

247 1154 349 1212 Gloria
363 1154 456 1212 Patri.
500 1154 585 1211 Sicut
599 1161 670 1214 erat.

246 1234 343 1309 Kyrie
357 1235 481 1309 eleyson.
526 1234 643 1292 Christe
657 1235 783 1310 eleyson.
823 1234 925 1311 Kyrie
938 1235 1064 1312 eleyson.

246 1314 337 1371 Pater
350 1321 458 1374 noster.
502 1314 543 1370 Et
556 1334 594 1371 ne
607 1334 668 1373 nos.
713 1316 771 1373 Sed
784 1315 884 1373 libera.

247 1395 459 1451 Benedicamus
473 1395 600 1451 Patrem.

246 1476 414 1532 Laudemus
429 1475 600 1532 Dominum.

246 1555 383 1626 Domine,
399 1555 515 1612 exaudi.

245 1635 392 1692 Dominus
405 1635 565 1692 vobiscum.
609 1636 742 1693 Oremus

244 1716 326 1773 Deus
340 1716 502 1786 Abraham,
518 1725 544 1773 ct
558 1725 648 1774 cetera
662 1726 810 1792 utsupra,
824 1735 851 1792 p.
870 1717 916 1774 28.

242 1795 315 1852 Alia
330 1797 431 1854 Oratio
446 1817 512 1854 cara
527 1797 659 1854 Oremus.

241 1874 452 1954 Beneffldicat
466 1896 518 1932 vos
533 1877 615 1934 Deus
629 1877 727 1948 Pater,
743 1877 890 1934 custodiat
903 1896 955 1934 vos
968 1877 1057 1934 Jesus
1073 1876 1221 1949 (lhristus,
1235 1877 1385 1935 illuminet

180 1975 233 2013 vos
258 1956 388 2032 Spiritus
415 1958 547 2014 Sanctus.
601 1957 747 2014 Ostendat
774 1957 921 2014 Dominus
948 1957 1054 2014 faciem
1080 1976 1165 2015 suam
1190 1958 1225 2014 in
1248 1959 1335 2016 vobis
1357 1964 1385 2015 et

180 2037 354 2094 misereatur
374 2038 474 2094 vestri.
522 2037 685 2094 Convertat
707 2038 855 2094 Dominus
877 2037 996 2094 vultum
1017 2056 1104 2095 suum
1125 2038 1164 2095 ad
1185 2057 1256 2095 vos:
1287 2046 1317 2096 et
1338 2039 1386 2095 det

179 2117 264 2173 vobis
292 2137 411 2193 pacem:
439 2117 620 2193 impleatque
642 2137 695 2174 vos
717 2118 798 2174 omni
820 2118 1024 2176 benedictione
1046 2117 1205 2194 spirituali,
1227 2118 1262 2175 in
1288 2119 1386 2176 remis

180 2198 293 2254 sionem
314 2200 447 2254 omnium
467 2204 652 2273 peccatorum
674 2204 840 2254 vestrorum
859 2205 894 2255 ut
915 2198 1048 2255 habeatis
1068 2198 1164 2255 vitam
1184 2204 1338 2272 eternam,
1358 2206 1387 2256 et

180 2278 290 2335 vivatis
303 2279 335 2334 in
350 2279 455 2335 saecula
468 2279 648 2335 saeculorum.
691 2278 799 2335 Amen.

239 2359 299 2415 Hic
312 2359 423 2416 iatrcat
436 2358 595 2416 Ecclesiam
609 2378 699 2433 usqae
713 2360 754 2415 ad
765 2360 894 2433 pradum
907 2358 1029 2416 altaris:
1050 2368 1076 2416 et
1089 2356 1231 2418 Sacerdos
1244 2359 1280 2417 ia
1293 2361 1387 2417 eaado

179 2457 245 2495 cara
259 2439 321 2496 secia
335 2439 480 2496 aciaistrc's
493 2439 573 2497 dicat
586 2439 663 2496 lcarcc
678 2438 833 2496 Poetneum
846 2448 1027 2514 sequentem:

241 2519 328 2575 Beati
342 2539 452 2589 omncs,
467 2528 493 2576 et
508 2528 598 2577 cetera
612 2519 678 2595 (Pe.
695 2520 819 2596 ccxcii.)

243 2600 346 2656 Gloria
359 2600 452 2656 Patri.
496 2599 579 2657 Sicut
594 2605 664 2655 crat.

242 2679 311 2737 Sine
326 2690 404 2752 crota,
421 2699 494 2751 carre,

241 2759 338 2835 Kyrie
352 2760 476 2835 eleyson.
521 2759 638 2816 Christe
652 2760 777 2835 eleyson.
822 2760 918 2835 Kyrie
932 2760 1057 2836 eleyson.

241 2842 325 2897 llaec
339 2841 499 2915 prostratis
519 2860 621 2914 sporcso
636 2849 662 2897 ct
675 2860 781 2914 sponsa
795 2850 861 2899 aare
874 2841 1003 2916 pradum
1023 2839 1137 2913 altario,
1152 2849 1232 2916 roqet
1245 2840 1385 2901 Sacerdos

179 2921 397 2979 circumstantes
411 2941 493 2978 orare
502 2941 559 2995 pro
574 2921 623 2990 cis,
638 2921 779 2978 diccralo:

241 3001 332 3057 Pater
345 3008 451 3058 noster.
496 3002 536 3057 Et
550 3021 588 3058 ne
602 3021 663 3059 nos.
707 3002 765 3058 Sed
779 3002 880 3060 libera.

241 3081 365 3137 Salvum
378 3082 423 3138 fac
438 3101 556 3137 servum
570 3088 657 3138 tuum
671 3086 701 3138 et
715 3082 852 3138 ancillam
865 3088 957 3139 tuam.

241 3160 334 3216 Mitto
348 3162 399 3233 cis,
415 3162 552 3231 Domine,
567 3163 715 3219 auxilium
729 3163 764 3219 de
779 3168 887 3220 sancto.

242 3241 315 3296 Esto
330 3242 380 3312 eis,
397 3241 533 3311 Domine,
548 3243 640 3299 turris
654 3243 846 3300 fortitudinis.

242 3321 380 3392 Domine,
396 3322 504 3378 exaudi
517 3341 620 3378 vocem
633 3343 737 3380 meam.

243 3401 390 3458 Dominus
404 3403 562 3459 vobiscum.

244 3482 376 3542 Oramus.
419 3481 527 3542 Oratio.

241 3563 403 3620 Benedicat
421 3583 473 3619 vos
493 3562 641 3620 Dominus
661 3583 700 3620 ex
720 3563 800 3635 Sion,
815 3569 850 3620 ut
863 3563 990 3620 videatis
1010 3582 1075 3638 quae
1091 3562 1170 3619 bona
1189 3568 1265 3621 sunt
1279 3564 1383 3623 Hieru-

181 3645 271 3701 salem
286 3645 421 3700 cmnibus
436 3644 622 3700 diebusvitae
636 3650 761 3702 vestrae:
783 3650 813 3700 et
827 3644 953 3702 videatis
972 3643 1049 3699 filios
1069 3642 1201 3700 filiorum
1218 3650 1383 3703 vestrorum

180 3731 210 3782 et
223 3746 325 3801 pacem
340 3744 427 3800 super
441 3724 541 3782 Israel.
585 3725 645 3781 Per
659 3723 811 3781 Christum
825 3725 989 3782 Dominum
1002 3728 1145 3780 nostrum.

243 3806 375 3862 Oramus,
421 3804 529 3861 Oratio.
1298 3820 1301 3826 ·

242 3887 324 3944 Deus
348 3885 510 3956 Abraham,
536 3885 619 3942 Deus
643 3885 735 3955 Isaac,
760 3885 843 3942 Deus
867 3886 970 3957 Jacob,
993 3882 1162 3962 beneffidic
1186 3880 1384 3945 adolescentes

180 3965 269 4023 istos:
293 3972 323 4022 et
345 3966 456 4022 semina
478 3984 578 4022 semen
599 3966 669 4022 vitae
691 3972 808 4022 aeternae
830 3966 864 4022 in
884 3965 1035 4023 mentibus
1054 3982 1165 4033 eorum,
1186 3970 1224 4022 ut
1243 3964 1384 4043 quicquid

180 4063 233 4119 pro
255 4047 387 4102 utilitate
409 4065 463 4102 sua
484 4046 650 4117 didicerint,
665 4046 720 4103 hoc
741 4047 837 4103 facere
858 4047 988 4122 cupiant.
1031 4045 1090 4101 Per
1102 4044 1210 4102 Jesum
1231 4045 1384 4105 Christum

243 4288 382 4346 “·.-Ms
385 4295 402 4322 “
409 4291 492 4347 Tarae
504 4291 642 4366 procidat
659 4311 765 4366 speram
782 4300 849 4348 cate
861 4289 988 4367 pedes
962 4309 1031 4366 ejas,
1047 4296 1073 4347 et
1086 4286 1270 4390 deosculetur
1283 4290 1384 4365 pedem

180 4363 243 4441 v'as
256 4370 322 4427 deret
312 4378 411 4439 t;rara
433 4379 502 4429 tanc
515 4372 608 4447 ericae
621 4391 684 4430 caan
696 4369 844 4447 poena?
