2850 4800
464 294 630 359 Manuale
645 294 692 359 od
706 314 810 359 asam
823 293 961 360 Sanam.

272 461 378 518 Sancte
393 460 521 532 Gabriel,
537 479 588 518 ora
602 480 655 537 pro
669 460 761 518 nobis.

271 541 377 598 Sancte
391 541 534 616 Raphael,
549 561 600 598 ora
614 560 667 617 pro
681 542 774 599 nobis.

230 622 340 679 Omnes
354 623 448 679 sancti
463 621 573 697 Angeli
586 628 617 679 et
630 621 812 698 Archangeli
825 621 892 691 Dei,
907 626 989 679 orate
1002 640 1057 698 pro
1071 621 1166 680 nobis.

230 701 340 759 Omnes
354 703 448 759 sancti
461 702 616 759 beatorum
630 702 795 778 Spirituum
811 701 944 775 Ordines,
959 707 1044 760 orate
1056 721 1112 780 pro
1125 702 1216 763 nobit.

270 782 377 840 Sancte
391 783 413 840 J
415 783 543 839 ohannes
558 782 702 858 Baptista,
718 802 768 839 ora
780 802 834 859 pro
847 783 940 841 nobis.

230 863 340 920 Omnes
353 864 448 920 sancti
462 863 642 920 Patriarohae
655 869 686 920 et
700 863 864 939 Prophetae,
879 868 962 920 orate
975 882 1029 940 pro
1043 862 1137 922 nobis

271 944 378 1001 Sancto
393 944 488 1014 Petra,
504 963 555 1000 ora
568 963 621 1019 pro
635 944 720 1000 nobis

271 1024 378 1080 Sancte
393 1024 494 1095 Paule,
510 1043 561 1080 ora
574 1043 627 1100 pro
641 1024 733 1080 nobis.

271 1105 377 1161 Sancte
391 1104 522 1175 Andrea,
539 1124 590 1161 ora
603 1123 657 1179 pro
670 1105 763 1162 nobis

271 1185 377 1241 Sancte
391 1184 413 1241 J
415 1185 552 1256 ohannes,
569 1204 619 1240 ora
632 1205 686 1260 pro
699 1185 790 1242 nobis.

271 1265 378 1321 Sancte
391 1265 412 1321 J
414 1265 509 1336 acobe,
525 1285 577 1321 ora
590 1285 643 1341 pro
657 1265 751 1323 nobis.

270 1345 377 1401 Sancte
392 1345 511 1416 Thema,
527 1365 578 1401 ora
592 1365 644 1420 pro
658 1345 751 1402 nobis.

270 1426 377 1482 Sancte
391 1425 537 1501 Philippa,
552 1445 604 1482 ora
617 1445 670 1501 pro
684 1425 776 1482 nobis.

270 1506 378 1562 Sancte
392 1506 413 1561 J
414 1507 511 1577 acobe,
526 1526 577 1562 cra
590 1526 643 1581 pro
657 1507 749 1562 nobis.

271 1586 377 1642 Sancte
392 1586 544 1658 Matthaee,
560 1607 611 1643 ora
624 1606 678 1662 pro
692 1586 784 1643 nobis.

272 1666 378 1723 Sancte
393 1667 615 1738 Baitholomaee,
632 1686 683 1723 ora
696 1686 749 1742 pro
762 1665 856 1723 nobis.

270 1747 377 1803 Sancte
391 1747 502 1817 Simon,
517 1767 568 1804 ora
581 1767 634 1823 pro
648 1748 741 1804 nobis

270 1827 377 1882 Sancte
391 1828 544 1899 Thaddaee,
560 1848 612 1884 ora
624 1847 678 1902 pro
691 1827 786 1886 nobis.

271 1907 379 1964 Sancte
393 1907 531 1976 Matthia,
547 1928 598 1965 ona
611 1927 664 1982 pro
678 1908 770 1964 nobis.

270 1987 377 2044 Sancte
392 1988 536 2057 Bamaba,
552 2008 602 2044 ora
616 2008 669 2063 pro
682 1988 776 2048 nobis.

270 2067 376 2124 Sancte
390 2068 500 2142 Marce,
516 2089 567 2125 ora
579 2089 633 2144 pro
646 2069 739 2127 nobis.

270 2148 376 2205 Sancte
391 2149 479 2217 Luca,
494 2169 545 2205 ora
560 2169 612 2224 pro
626 2148 718 2206 nobis.

230 2227 339 2285 Omnes
353 2231 447 2286 sancti
460 2230 599 2305 Apostoli
612 2236 642 2286 et
657 2229 863 2304 Evangelistae,
877 2233 959 2286 orate
971 2247 1025 2305 pro
1037 2227 1133 2302 nobis

231 2308 341 2366 Omnes
355 2311 449 2366 sancti
463 2310 611 2386 Discipuli
624 2317 653 2366 et
667 2309 854 2383 InnocenteS,
869 2315 950 2367 orate
964 2328 1018 2385 pro
1031 2309 1125 2367 nobis.

271 2390 378 2447 Sancte
393 2391 549 2466 Stephane,
565 2410 616 2447 ora
630 2410 683 2466 pro
697 2390 790 2447 nobis

270 2470 377 2526 Sancte
392 2471 475 2542 Line,
491 2492 541 2528 ora
555 2491 608 2547 pro
622 2470 714 2527 nobis.

270 2551 376 2608 Sancte
392 2551 483 2622 Olete,
500 2571 550 2608 ora
565 2571 617 2627 pro
630 2551 722 2608 nobis.

269 2631 377 2688 Sancte
393 2631 536 2702 Clemens,
551 2652 602 2688 ora
616 2651 669 2708 pro
682 2631 775 2687 nobis

270 2712 376 2768 Sancte
391 2712 529 2784 Fabiane,
545 2732 596 2768 ora
609 2732 662 2788 pro
677 2712 769 2768 nobis.

270 2793 377 2849 Sancte
392 2792 570 2864 Sebastiano,
585 2813 637 2849 ora
650 2812 703 2868 pro
717 2791 810 2849 nobis,

217 2893 223 2901 ·
269 2870 377 2942 Sancte
392 2872 517 2944 Albane,
534 2893 583 2929 ora
597 2892 650 2948 pro
663 2872 756 2929 nobis

271 2952 378 3010 Sancte
393 2954 505 3024 Oosma,
521 2973 573 3009 ora
586 2972 639 3028 pro
653 2953 745 3009 nobis.

270 3033 377 3090 Sancte
391 3035 546 3106 Damiane,
560 3054 612 3090 ora
624 3053 677 3110 pro
690 3031 785 3090 nobis.

269 3114 376 3170 Sancte
390 3115 498 3183 Prime,
512 3134 563 3170 ora
576 3134 629 3189 pro
643 3114 736 3172 nobis.

270 3194 376 3251 Sancte
391 3194 545 3263 Feliciane,
560 3214 611 3250 ora
624 3214 677 3270 pro
691 3193 783 3253 nobis.

269 3274 377 3331 Sancte
391 3275 519 3350 Dionysi
532 3295 599 3332 cum
613 3275 697 3331 sociis
711 3274 780 3345 tuis,
796 3292 847 3330 ora
861 3291 914 3348 pro
927 3273 1020 3331 nobis.

270 3354 376 3412 Sancte
390 3355 498 3412 Victor
511 3375 579 3411 cnm
592 3355 677 3412 sociis
691 3355 760 3425 tuis,
775 3373 826 3410 ora
838 3373 892 3428 pro
905 3353 996 3410 nobis.

229 3433 338 3491 Omnes
352 3437 446 3492 sancti
461 3436 618 3511 Mai-tyren,
633 3442 714 3493 orate
728 3454 781 3511 pro
795 3434 888 3491 nobis.

268 3516 375 3572 Sancte
389 3516 540 3588 Silvester,
555 3536 606 3572 ora
619 3535 671 3591 pro
686 3515 778 3572 nobis

268 3596 375 3652 Sancte
389 3596 458 3667 Leo,
473 3617 524 3653 ora
537 3617 590 3672 pro
604 3596 697 3653 nobis.

269 3677 375 3732 Sancte
389 3677 582 3751 Hieronyme,
597 3696 648 3732 ora
661 3695 715 3751 pro
728 3675 822 3736 nobis

269 3756 375 3813 Sancte
389 3758 567 3833 Augustino,
583 3777 633 3814 ora
647 3776 701 3832 pro
714 3757 806 3825 nobis.

267 3837 374 3894 Sancte
388 3838 509 3909 Isidore,
526 3858 577 3895 ora
590 3857 643 3912 pro
656 3836 749 3894 nobis.

267 3918 374 3975 Sancte
388 3919 409 3975 J
411 3918 517 3987 uliano,
532 3938 582 3975 ora
595 3937 648 3994 pro
661 3917 754 3974 nobis

268 3997 374 4055 Sancte
389 3999 538 4072 Gildarde,
553 4019 603 4055 ora
617 4016 670 4073 pro
683 3997 776 4055 nobis.

267 4078 374 4135 Sancte
388 4079 539 4151 Medanle,
555 4099 606 4136 ora
619 4097 672 4154 pro
685 4077 778 4135 nobis.

266 4158 374 4215 Sancte
387 4159 508 4231 Albine,
524 4179 576 4216 ora
588 4179 641 4235 pro
654 4158 747 4215 nobis.

267 4236 373 4295 Sancte
387 4240 506 4310 Eusebi,
521 4259 572 4297 om
585 4257 639 4315 pro
652 4237 747 4297 nobis.

266 4319 373 4376 Sancte
388 4320 541 4393 Swithine,
556 4340 607 4376 ora
620 4337 673 4396 pro
687 4316 779 4376 nobis

265 4397 373 4456 Sancte
387 4400 498 4472 Birine,
514 4420 565 4457 ora
578 4419 631 4476 pro
645 4398 738 4456 nobis.
