2866 4846
182 334 245 398 190
549 330 596 395 Iu
610 329 813 399 diedemate
828 330 1022 398 trinitatis.

180 532 269 572 sexu:
299 511 431 571 sentiant
452 531 554 570 omnes
573 517 661 570 tuum
681 511 826 588 levamen,
845 514 1016 592 quicunque
1035 515 1186 576 celebrant
1206 523 1295 577 tunm
1314 536 1386 578 eom·

182 609 432 668 memorationem.
476 608 562 680 Quia

240 705 344 764 Gloria
357 705 444 764 Patri
456 711 488 764 et
501 706 581 764 Filio
594 711 625 764 et
639 706 765 783 Spiritui
780 707 897 766 Sancto.
942 708 1029 779 Quia.

240 800 383 879 Sequitur
395 801 569 879 Antiphone
588 801 624 861 de
638 822 720 862 eruce
733 811 759 862 et
779 803 1009 881 Respoueorium
1022 804 1058 865 de
1079 803 1228 867 fatuitate
1240 814 1278 866 ut
1290 828 1387 887 supra.

183 899 416 978 Reepoueorium.

385 997 482 1075 Stirps
495 998 518 1057 J
519 1017 580 1056 esse
593 998 708 1075 virgam
722 999 866 1076 produxit
879 1000 1023 1079 virgaque
1036 1001 1149 1077 florem,

385 1090 426 1152 Et
440 1113 528 1172 super
540 1094 621 1153 hunc
633 1096 737 1154 florem
750 1095 909 1173 requiescit
922 1097 1053 1175 Spiritus
1067 1098 1170 1158 almus

328 1193 358 1253 V.
375 1193 473 1270 Virga
486 1192 546 1251 Dei
558 1193 697 1270 genetrix
710 1194 795 1271 virgo
808 1200 862 1268 est,
877 1195 932 1254 flos
945 1196 1025 1254 filius
1039 1198 1110 1273 ejus.
1153 1196 1197 1256 Et
1209 1216 1310 1276 super.

242 1291 346 1349 Gloria
360 1289 447 1348 Patri
460 1296 491 1348 et
504 1289 583 1347 Filio
597 1295 628 1347 et
642 1289 770 1367 Spiritui
784 1290 901 1350 Sancto.
945 1291 1119 1369 Requiescit
1131 1293 1274 1372 Spiritus.

239 1388 281 1447 In
294 1389 390 1449 euudo
403 1386 637 1464 Respousoeium.
680 1387 844 1448 Benedicat
857 1408 911 1448 nos
931 1410 999 1449 cum
1019 1390 1161 1452 Vereioulc
1176 1390 1283 1451 Gloria
1295 1391 1385 1466 Petri,

179 1496 207 1545 et
222 1495 320 1547 cetere.

240 1581 386 1642 Memoria
399 1581 434 1639 de
448 1600 528 1640 eruce
542 1589 577 1638 ut
589 1599 683 1657 cupre
696 1588 825 1640 notetur.

239 1775 285 1834 De
296 1774 442 1833 Triuitete
450 1774 586 1850 primum
599 1772 834 1851 Respousorium.

242 1872 402 1931 Benedicat
421 1891 476 1929 nos
496 1871 588 1945 Deus,
603 1872 686 1930 Deus
705 1878 807 1932 noster
817 1894 827 1948 3
845 1874 1002 1934 benedicat
1020 1894 1075 1935 nos
1094 1875 1188 1951 Deus,
1201 1882 1233 1935 et
1253 1882 1386 1937 metuant

177 1989 247 2028 eum
261 1990 362 2029 omnes
375 1971 449 2028 fines
462 1976 556 2028 terrae.

184 2070 213 2129 V.
237 2070 320 2128 Deus
333 2069 506 2126 misereatur
519 2068 613 2126 nostri
625 2088 635 2142 ;
654 2069 919 2129 etbenedicatnos
933 2070 1022 2129 Deus.
1065 2070 1108 2129 Bt
1120 2075 1270 2134 metuant.

239 2167 342 2226 Gloria
355 2166 442 2224 Patri
455 2171 486 2223 et
498 2165 576 2222 Filio
589 2171 620 2223 et
634 2165 761 2243 Spiritui
775 2166 892 2226 Sancto.

239 2264 380 2342 Sequitur
389 2263 549 2322 secuudum
564 2263 798 2339 Respousore‘um.

240 2361 420 2420 Benedictus
434 2359 582 2417 Dominus
596 2359 679 2417 Deus
689 2359 791 2432 Israel,
806 2359 858 2435 qui
872 2360 944 2418 facis
956 2360 1106 2419 mirabilia
1118 2359 1206 2420 solus
1250 2361 1293 2421 Et
1304 2361 1388 2423 bene

178 2461 292 2520 dictum
305 2478 414 2517 nomen
428 2457 592 2534 majestatis
605 2459 676 2534 ejus.
719 2457 760 2514 In
773 2462 927 2517 aeternum.

184 2557 216 2617 V.
237 2556 414 2633 Replebitur
427 2556 581 2631 majestate
595 2555 659 2630 ejus
672 2554 768 2611 omnis
781 2559 883 2627 terra;
903 2554 966 2628 fiat,
981 2554 1040 2612 liat
1084 2555 1127 2614 Et
1139 2560 1288 2616 metuant

239 2654 341 2712 Gloria
355 2652 441 2710 Patri
454 2658 484 2710 et
498 2652 576 2710 Filio
591 2657 621 2709 et
635 2650 764 2729 Spiritui
782 2650 898 2709 Sancto.
942 2651 984 2709 Et
997 2657 1143 2712 metuant.

177 2952 297 3010 reduces
310 2972 365 3011 me.
407 2953 516 3011 Nonne
531 2953 608 3010 sieut
621 2953 666 3011 lac
676 2952 805 3011 mulsisti
814 2973 871 3027 me,
881 2959 912 3012 et
925 2954 1003 3014 sicut
1016 2975 1134 3014 caseum
1145 2975 1195 3015 me
1208 2958 1374 3037 cerlcsti
1378 2978 1387 3033 3

176 3033 253 3108 pelle
267 3039 298 3090 et
311 3051 398 3090 carne
411 3034 528 3090 vestisti
541 3053 597 3107 me,
612 3035 726 3091 ossibus
742 3040 773 3092 et
786 3035 886 3092 nervis
900 3036 1072 3113 compegisti
1083 3056 1139 3098 me.

184 3113 212 3171 V.
237 3113 425 3184 Convertere,
440 3114 577 3186 Domine,
593 3120 774 3186 convertere,
789 3121 820 3172 et
833 3115 914 3192 cripe
926 3118 1057 3175 animam
1069 3136 1182 3176 meam:
1203 3119 1326 3179 salvum
1342 3138 1387 3179 me

175 3193 223 3252 fac
236 3199 357 3269 propter
370 3194 600 3254 misericordiam
613 3201 704 3252 tuam.
748 3195 865 3254 Nonne.

237 3275 303 3332 Hoc
316 3294 434 3349 sequeus
451 3275 679 3352 Responsorium
692 3276 812 3334 dicetur
829 3285 905 3334 sexto
919 3276 978 3336 dieo
991 3278 1039 3337 die
1051 3276 1235 3338 Animarum
1249 3288 1387 3341 mutum:

238 3355 415 3432 Gongregati
435 3363 514 3428 sunt,
540 3357 631 3428 Deus,
650 3356 688 3414 ad
710 3356 911 3415 devorandum
933 3377 981 3417 me
998 3358 1167 3418 seductores
1187 3360 1258 3433 mei,
1279 3361 1388 3441 scriptu

175 3441 311 3494 tenentes
319 3437 398 3494 mala
408 3455 473 3512 quae
483 3438 565 3514 gessi.
592 3438 671 3513 Ergo
680 3436 1028 3513 vociferanturdieentes,
1038 3439 1121 3498 Deus
1130 3439 1386 3518 dereliquiteum:

174 3517 387 3593 persequimini
400 3524 431 3575 et
440 3518 679 3594 comprehendite
693 3537 770 3589 enm,
785 3519 856 3593 quie
866 3538 927 3576 non
940 3520 1049 3596 estqui
1062 3519 1169 3578 liberet
1181 3539 1261 3581 eum.
1306 3522 1387 3583 Deus

175 3617 309 3655 meusne
323 3598 457 3675 elongeas
471 3618 489 3655 a
502 3618 567 3656 me:
591 3599 674 3656 Deus
688 3618 779 3670 meus,
795 3599 828 3655 in
841 3599 987 3657 auxilium
1003 3619 1103 3658 mcum
1115 3600 1238 3677 respice.

236 3678 319 3736 Deus
333 3698 415 3736 meus
428 3679 461 3735 in
475 3679 657 3755 adjutorium
671 3698 770 3737 meum
784 3679 914 3737 intende.

181 3758 210 3816 V.
234 3758 353 3817 Delicta
367 3760 537 3835 juventutis
550 3779 623 3817 meae
640 3779 679 3817 ne
693 3759 870 3833 memineris,
886 3760 1024 3833 Domine,
1039 3766 1071 3819 et
1091 3779 1130 3820 ne
1143 3770 1268 3823 avertas
1279 3763 1385 3825 faeiem

175 3844 259 3896 tuam
272 3860 290 3897 a
303 3859 359 3912 me,
370 3841 511 3916 quoniam
525 3840 653 3898 tribulor
664 3862 671 3898 :
684 3840 826 3898 velociter
839 3841 948 3899 exaudi
958 3861 1014 3914 me,
1027 3841 1165 3900 Domine.
1192 3842 1280 3903 Deus
1293 3864 1383 3905 mena

235 3920 299 3978 Hoc
313 3940 432 3995 sequens
441 3921 668 3996 Itespousorium
681 3922 800 3980 dicutur
808 3930 905 3980 oetaeo
915 3921 975 3981 loco
989 3922 1037 3981 die
1049 3920 1235 3983 Animarum
1249 3934 1385 3987 tuntum:

234 3999 469 4076 Responaorium.

235 4080 375 4154 Absolve,
391 4081 529 4155 Domine,
544 4083 659 4141 animas
679 4102 780 4141 eorum
795 4085 833 4141 ab
847 4082 930 4142 omni
941 4083 1062 4143 vinculo
1083 4082 1270 4145 delictorum.
1315 4086 1385 4147 Non

174 4179 223 4218 eas
250 4166 433 4221 tormentum
460 4164 565 4221 mortis
585 4164 733 4240 attingat:
762 4163 833 4221 Non
857 4184 975 4223 reorum
995 4168 1099 4224 catena
1119 4166 1319 4245 constringet,
1338 4164 1385 4227 ced

174 4242 324 4300 miseratio
338 4251 390 4301 tua
400 4244 433 4301 in
446 4245 526 4320 pacis
540 4264 574 4302 ac
587 4245 661 4303 lucis
671 4245 790 4321 regione
804 4245 974 4303 constituat.

180 4320 209 4379 V.
233 4321 275 4378 Et
297 4324 442 4398 quasillis
462 4325 696 4398 sunt,Domine,
718 4324 815 4402 dignae
836 4325 1018 4386 cruciatibus
1039 4325 1143 4404 culpae,
1162 4332 1200 4385 tu
1222 4348 1274 4389 cas
1289 4326 1384 4411 gradu

173 4400 307 4460 lenitatis
320 4403 450 4481 indulge.
494 4405 565 4464 Non
579 4424 705 4464 reorum.
1271 4464 1276 4473 ,
