2866 4846
168 310 248 370 148*
601 304 745 373 Ordines
758 306 940 392 Baptismi.

229 474 269 530 Et
283 473 316 529 in
326 480 438 547 pectore
451 471 587 530 sirnititer
600 470 745 530 dicendo:

228 553 353 630 Signum
373 551 528 610 salvatoris
549 551 674 608 Domini
687 550 784 609 nostri
803 552 826 610 ,J
826 571 879 610 esu
900 552 1012 611 Christi
1025 553 1062 611 in
1084 561 1218 631 pectore
1233 561 1291 615 tuo
1309 575 1387 634 pono.

228 633 343 691 Deinde
359 641 455 691 tenens
468 651 592 690 ortanam
605 651 692 706 snper
705 639 793 706 capnt
807 631 943 706 infantis,
958 634 1040 692 dicat
1055 636 1233 695 orationem
1247 636 1346 696 hanc:

228 713 424 789 Omnipotens
438 712 615 789 sempiterne
630 711 722 784 Deus,
738 711 836 784 Pater,
851 721 878 770 et
891 723 984 772 cetera
997 721 1159 792 utsupra,
1176 736 1208 793 p.
1226 719 1256 779 5.

229 793 335 850 Preces
347 798 472 863 nostras,
488 810 664 868 quaesumus,
680 792 819 862 Domine,
834 801 861 849 et
874 801 965 850 cetero
979 803 1014 851 at
1027 813 1136 870 aspra,
1152 816 1184 872 p.
1205 798 1232 855 6.

229 875 319 943 Dcus,
336 872 388 947 qui
401 872 525 929 humani
538 871 663 948 generis,
680 880 706 928 ιι
720 882 812 929 cetera
824 881 858 930 ιιι
871 893 963 948 snpra
977 873 1095 935 ibidem.

229 953 249 1009 I
248 953 304 1013 orde
317 971 382 1010 vero
396 951 538 1011 benedices
550 950 616 1010 sai:
638 951 781 1010 Exercizo
794 957 835 1026 te,
849 960 983 1011 creatura
995 953 1078 1031 salis,
1092 962 1120 1015 et
1135 963 1235 1016 cetera
1249 964 1385 1035 utsupra

168 1034 282 1092 ibidem.

229 1114 334 1170 Postea
350 1131 414 1170 cero
431 1112 585 1186 interropet
601 1131 706 1170 nomen
722 1110 792 1187 ejas,
812 1121 838 1170 et
854 1121 948 1188 portat
966 1114 1001 1173 de
1018 1113 1084 1190 ipso
1101 1115 1170 1176 sale
1189 1117 1226 1177 in
1249 1137 1299 1178 om
1320 1117 1382 1195 ejice

168 1195 212 1251 ita
227 1193 344 1250 dicens:

229 1272 341 1346 Accipe
354 1269 397 1328 sal
410 1270 572 1347 sapientiae,
588 1277 622 1328 ut
635 1272 744 1328 habeas
757 1271 852 1328 vitam
866 1278 1014 1331 aeternam.
1058 1274 1177 1341 Amen.
1238 1302 1241 1306 ·

231 1352 332 1410 Oratio
340 1359 408 1426 post
421 1352 525 1408 datam
539 1350 629 1409 salem
643 1371 653 1407 .·

230 1433 320 1502 Deus,
335 1436 456 1507 patrum
469 1436 648 1501 nostrorum,
663 1439 689 1487 et
703 1440 794 1490 cetera
807 1440 841 1488 ιιι
854 1451 953 1507 snpra.
969 1452 996 1510 p.
1016 1435 1041 1492 6.

229 1512 250 1567 I
251 1521 344 1569 teram
349 1510 450 1584 faciat
463 1530 575 1568 cracem
588 1511 623 1567 in
628 1511 731 1584 fronte
745 1510 806 1587 ejm
820 1520 845 1570 et
859 1512 1027 1572 dirutione
1041 1515 1221 1574 orationem.

229 1593 312 1649 Deus
325 1591 489 1661 Abraham,
504 1590 586 1648 Dcus
600 1591 694 1662 Isaac,
709 1600 735 1648 et
749 1601 840 1650 cetera
853 1600 887 1649 at
901 1613 993 1667 snpra
1007 1593 1125 1666 ibidem,
1141 1615 1173 1677 p.
1192 1596 1220 1656 7.

231 1674 311 1748 Ergo
326 1670 480 1727 maledicte
494 1671 618 1744 diabole,
635 1679 660 1729 et
674 1679 765 1729 cetera
779 1680 813 1728 ιιι
826 1691 918 1747 snpra
931 1672 1047 1732 ibidem.

230 1752 251 1808 l
251 1762 306 1810 tem
320 1771 407 1825 saper
419 1750 593 1808 armoniam.

230 1834 321 1903 Deus,
337 1830 506 1887 immortale
519 1830 697 1904 praesidium,
713 1839 739 1887 ιι
753 1839 844 1889 cetera
857 1839 891 1888 ιιι
904 1851 1004 1907 aspra,
1021 1852 1050 1909 p.
1066 1833 1093 1892 7.

231 1912 324 1984 Audi,
340 1911 496 1967 maledicte
510 1911 630 1981 Satana,
647 1920 672 1968 et
686 1919 776 1968 cetera
788 1921 822 1968 ιιι
835 1931 927 1988 snpra
940 1912 1054 1971 ibidem.

230 1992 252 2049 I
252 2002 344 2049 teram
353 1991 457 2064 facias
469 2010 581 2047 emicem
594 1991 628 2046 in
632 1990 735 2062 fronte
749 1991 819 2066 ejas,
834 2001 860 2050 et
874 1991 955 2050 dicas
970 1993 1135 2052 cretionem
1149 1995 1238 2056 lianc.

230 2072 374 2129 Exomizo
385 2078 423 2142 te,
440 2070 592 2127 immunde
606 2071 736 2145 spiritus,
749 2078 774 2129 ιι
789 2079 878 2130 cetera
891 2081 926 2129 ιιι
939 2091 1039 2148 snpra,
1055 2093 1083 2149 p.
1101 2075 1129 2132 8.

229 2151 310 2210 Istas
331 2160 386 2208 tres
407 2150 550 2207 orationes
574 2151 733 2225 superiores
753 2172 840 2226 saper
859 2153 1000 2210 mascalas
1022 2162 1149 2227 tantam,
1174 2165 1203 2214 et
1231 2157 1308 2217 ιἐιαε
1327 2166 1375 2215 tres

169 2252 233 2307 qaae
254 2239 417 2306 separantur
429 2250 517 2305 snper
525 2229 667 2303 feminas,
679 2231 798 2305 faciens
812 2252 922 2291 narem
939 2233 973 2290 in
981 2232 1141 2307 frontibus
1160 2255 1275 2312 eornm,
1290 2248 1317 2297 et
1334 2238 1375 2296 dio

170 2313 329 2371 orationem
342 2311 425 2367 itanc.

229 2393 312 2449 Deus
326 2391 398 2462 caeli,
414 2390 497 2447 Deus
510 2395 606 2461 terrae,
622 2398 649 2448 et
662 2399 753 2448 cetera
767 2400 801 2448 at
815 2412 915 2467 snpra,
930 2412 957 2468 p.
975 2392 1001 2450 8.
1044 2392 1134 2470 Ergo,
1147 2396 1320 2456 maledicte.

230 2473 312 2529 Deus
321 2471 485 2542 Abraham,
495 2470 578 2527 Deus
586 2470 680 2542 Isaac,
690 2479 716 2528 ιι
724 2481 857 2529 ceterant
865 2471 1077 2548 mpraibidem.
1107 2474 1200 2551 ErgO,
1212 2478 1377 2537 maledicte.

230 2552 327 2609 Item:
349 2551 491 2608 Exercizo
502 2557 540 2622 te,
557 2551 710 2608 immunde
728 2551 859 2627 spiritus,
876 2561 900 2610 et
915 2561 1005 2610 cetera
1017 2562 1169 2628 utsupra,
1186 2576 1214 2633 p.
1232 2558 1261 2617 9.

230 2633 275 2690 De
303 2633 357 2688 isto
386 2631 444 2688 loco
471 2632 505 2687 in
529 2639 615 2688 aratea
647 2640 707 2688 tom
733 2651 819 2706 saper
850 2632 993 2691 mascator
1016 2652 1106 2708 qaam
1134 2655 1227 2712 snper
1245 2638 1381 2712 feminas

167 2713 320 2787 (equaliter
332 2711 479 2785 compleas,
492 2710 599 2781 faciem
610 2731 721 2768 cracem
732 2712 765 2768 in
770 2712 931 2786 frontibus,
944 2722 970 2771 ιι
983 2713 1137 2788 imponens
1150 2735 1284 2778 nannum
1297 2739 1381 2797 capo

170 2794 269 2868 capita
283 2812 382 2850 eoram
397 2791 493 2849 dicens
506 2815 516 2848 .·
1038 2796 1041 2800 ’

231 2874 390 2930 AEtcrnam
404 2891 439 2928 ac
448 2870 643 2946 justissimam
657 2870 808 2946 pietatem,
825 2880 851 2930 ιι
865 2880 956 2931 cetera
969 2881 1003 2929 ιιι
1016 2893 1118 2948 snpra,
1135 2894 1166 2950 p.
1185 2877 1213 2934 9.

232 2954 295 3010 Hoc
309 2953 413 3027 eapieto
428 2952 527 3008 client:
549 2950 696 3008 Dominus
709 2952 868 3009 vobiscum.
912 2953 1032 3010 Etcum
1048 2954 1166 3028 Spiritu
1179 2961 1245 3016 tuo.

230 3033 386 3107 ›t‘eqaentia
396 3032 492 3088 soracti
505 3031 659 3105 annpetii
672 3033 831 3089 secandam
845 3031 1019 3090 Mattdceam
1032 3032 1088 3110 (ai.
1102 3035 1226 3114 25-30.)

232 3113 271 3167 In
284 3112 336 3168 illo
351 3119 491 3186 tempore,
506 3111 700 3186 Respondeas
713 3110 736 3168 ,J
737 3130 802 3168 esus
824 3112 920 3171 dixit:
942 3112 1092 3171 Confiteor
1105 3115 1164 3172 tibi
1185 3122 1343 3193 nequead
1355 3129 1382 3180 et

172 3212 246 3248 onus
256 3211 357 3248 meum
371 3191 444 3250 leve.

231 3272 345 3330 Deinde
359 3290 452 3327 ιιιιιιιιι
466 3271 603 3346 imposita
617 3271 735 3328 dicatur
749 3271 840 3329 Pater
859 3279 961 3332 noster
974 3281 1000 3332 ιι
1014 3273 1109 3331 Credo
1120 3273 1155 3331 in
1171 3275 1290 3339 Deum.-

583 3461 775 3518 Bnunmcmo
796 3461 918 3520 Forma.

231 3596 343 3655 Finitis
358 3593 524 3653 lectionibus
537 3601 562 3651 ιι
581 3592 762 3652 orationibus
775 3601 801 3650 ιι
814 3592 996 3651 catechizatis
1012 3592 1190 3668 infantibus,
1205 3600 1382 3660 ordinentur

170 3687 306 3738 maceret
326 3676 429 3734 neritia
451 3683 477 3732 ιι
497 3673 645 3747 eoanpelia
665 3682 690 3729 et
705 3693 796 3747 capace
818 3682 843 3729 et
863 3673 976 3747 reliqna
990 3673 1031 3731 ad
1050 3674 1281 3738 benedictionem
1284 3682 1380 3757 fontis

170 3758 338 3828 necessaria,
359 3766 384 3815 et
402 3755 460 3813 dno
474 3754 601 3828 acolythi
620 3761 742 3810 tenentes
760 3752 906 3828 ampullas
920 3755 954 3811 de
972 3753 1122 3812 chrismate
1143 3765 1172 3813 et
1195 3759 1258 3818 oleo
1278 3763 1379 3838 plenus

170 3848 278 3909 sancte,
300 3847 326 3896 ιι
345 3836 447 3894 tertias
468 3855 520 3892 aas
540 3854 664 3891 auream
684 3833 728 3890 od
743 3841 918 3907 carpenteam,
941 3834 1019 3891 aride
1041 3833 1174 3892 mittitur
1197 3838 1378 3901 clerinomiae

161 3919 288 3992 fontem,
295 3916 464 3992 precedant
482 3915 657 3988 Pontificem.
690 3912 758 3988 Ipse
768 3932 831 3970 vero
847 3921 1024 3970 sustentatas
1037 3934 1057 3970 a
1067 3914 1183 3974 duobns
1196 3918 1379 3981 Damion

169 3999 355 4072 subsequitur
375 3997 482 4054 cleram
504 4015 568 4052 carm
589 3994 720 4050 Litaniis
740 3995 781 4049 ad
792 3992 910 4066 fontem
925 3994 1132 4068 praecedentem
1141 4016 1154 4065 ,·
1177 4007 1206 4055 et
1227 4000 1292 4061 duo
1312 4001 1378 4061 cerei

165 4087 327 4152 portantur
348 4077 398 4134 illo
422 4077 468 4134 die
490 4094 598 4149 semper
620 4082 687 4130 ante
711 4093 785 4144 eam,
809 4093 900 4148 usqae
923 4075 996 4132 dnm
1018 4073 1119 4132 omnia
1134 4078 1235 4150 finito
1246 4079 1374 4157 fuerint.

170 4159 276 4216 Finita
291 4158 414 4214 Litanio
428 4156 507 4213 dicat
522 4154 668 4226 Pontifhm

232 4238 428 4312 Omnipotens
441 4236 619 4311 sempiterne
633 4235 724 4304 Deus,
739 4233 849 4306 adesto,
865 4241 891 4292 ιι
905 4241 994 4293 cetero
1008 4240 1042 4293 nt
1055 4250 1158 4312 cupra,
1174 4256 1204 4315 p.
1223 4238 1272 4300 14.

232 4317 379 4374 Dominus
394 4317 552 4374 vobiscum.
597 4316 715 4372 Etcum
730 4314 845 4390 Spiritu
858 4321 918 4375 tue.

231 4396 356 4453 Sursum
371 4397 466 4468 corda,
482 4405 508 4455 et
522 4405 612 4454 cetero
626 4404 660 4453 ιιι
674 4415 765 4471 snpra
779 4395 892 4454 ibidem.
