2866 4846
109 298 191 363 146*
541 292 685 362 Ordines
699 294 883 382 Baptisrni.

107 462 149 520 sic
168 480 220 529 ner
239 459 378 520 ordiinne.
422 459 486 519 Hoc
507 460 610 519 ordine
628 460 783 520 tenent>
794 460 889 536 sacto,
904 473 1081 539 sepnnnner
1101 473 1142 525 nt
1155 466 1325 544 micton

109 549 148 600 est
162 541 290 598 Litonice
303 541 410 616 quince,
424 540 458 598 id
471 549 511 598 est
524 539 681 615 qnirsqnies
693 542 826 617 repetite.

170 619 309 695 Pontifex
325 620 442 678 veniens
454 620 496 678 od
512 620 649 694 infantes,
665 629 775 681 lenm
786 620 1007 683 Areiidioeono
1026 624 1177 699 ennena,
1192 625 1323 686 ὑιωῑιιείι

109 700 238 776 scapulis
266 709 292 759 et
319 700 446 758 brachiis
474 720 508 758 en
530 720 636 776 poncio
660 700 746 774 lineo,
768 701 877 761 οἱουαὶα
901 712 928 762 et
950 704 1102 781 inposita
1127 726 1229 765 mann
1246 726 1322 785 aroer

110 780 210 856 capito
230 780 372 852 omniane,
397 781 451 838 dot
474 780 634 839 oratiorum
655 799 742 857 snper
764 801 811 842 eos
835 802 903 842 cnm
929 782 1124 845 invocatione
1151 786 1322 864 septitomis

109 860 215 936 protioe
227 859 360 935 Spiritus
372 859 483 919 Snnecti.

172 939 301 1016 Spiritus
321 939 448 998 Sanctus
461 938 650 1016 superveniat
662 939 697 997 in
709 959 771 1013 vos,
784 947 816 1000 et
831 941 930 1001 virtue
942 942 1106 1003 Altissimi
1124 945 1194 1005 sine
1210 952 1319 1025 poento

112 1019 260 1077 custodiat
273 1038 333 1078 vos.

173 1100 257 1174 Besp.
301 1099 410 1157 Amen

173 1178 296 1237 Deirnle.
338 1178 486 1237 Dominus
499 1179 660 1238 vobiscum.

174 1259 259 1334 Resp.
304 1259 345 1316 Et
358 1279 426 1317 cum
440 1259 555 1335 Spiritu
568 1267 629 1319 tuo.
676 1261 810 1321 Oremus.

174 1338 371 1414 Omnipotens
391 1340 569 1415 sempiterne
590 1341 682 1417 Deus,
696 1341 750 1419 qui
770 1360 943 1419 regenerare
965 1341 1115 1420 dignutus
1136 1364 1179 1418 es,
1193 1352 1223 1406 et
1240 1355 1320 1406 oeteo

112 1427 148 1478 nt
160 1438 262 1494 supro,
276 1438 324 1495 pp.
341 1419 407 1491 96⁰,
424 1419 488 1479 97⁸.

174 1499 309 1557 Oremus.

175 1578 313 1637 Orotnrn
339 1578 458 1655 expleto,
486 1580 734 1658 intenoqantibne
758 1580 942 1641 Dioconiine
972 1582 1104 1642 nomina
1131 1584 1316 1660 dnqnlornnr

113 1658 355 1798 Ροπᾶἱχᾝὶηοιο
362 1659 468 1736 pollice
480 1662 515 1720 in
524 1661 783 1738 clniomatefociot
795 1680 906 1721 erucem
915 1660 1119 1737 infrontibw
1131 1665 1315 1742 supinatis,

113 1739 158 1798 ito
192 1740 232 1797 ice
276 1759 313 1798 o:

175 1819 325 1878 Oonfirmo
338 1825 369 1878 et
388 1820 526 1899 consigno
546 1829 578 1881 te
590 1823 624 1882 in
643 1823 765 1882 nomine
781 1820 882 1880 Patris
895 1825 928 1880 et
940 1820 1015 1880 Filii
1027 1828 1060 1882 et
1075 1823 1214 1902 Spiritus
1226 1824 1315 1885 Sancti

114 1899 264 1959 Perecliti
307 1900 417 1962 Amen

175 1981 242 2038 Pax
254 1985 361 2039 tecum.

174 2061 259 2136 Resp.
303 2061 344 2118 Bt
357 2080 426 2119 cum
437 2062 548 2138 'spiritu
561 2069 622 2121 tuo.

174 2139 290 2198 Iterum
303 2143 483 2216 confirmetis
495 2143 628 2201 omnibns
641 2144 721 2201 dien
734 2142 787 2201 lios
804 2141 929 2202 Vena:

175 2221 250 2279 Ecce
264 2221 304 2278 sit
318 2221 509 2280 benedicetur
522 2224 618 2281 omnis
631 2222 720 2281 homo
733 2223 787 2299 qui
799 2223 888 2282 timet
900 2221 1077 2281 Dominum.
1122 2224 1237 2285 Amen.

176 2301 339 2359 Benedicat
358 2302 443 2359 vobis
471 2302 619 2361 Dominus
646 2322 685 2361 ex
712 2303 793 2376 Sion,
815 2309 850 2361 ut
869 2302 997 2361 rideatis
1023 2303 1108 2363 bona
1135 2304 1318 2367 Hierumiem

115 2382 252 2439 omnibus
266 2381 370 2439 diebus
383 2383 455 2440 vitae
468 2389 584 2440 vestrae.

176 2463 259 2536 Besp.
303 2462 412 2520 Amen.

178 2540 335 2599 Custodiat
348 2561 400 2599 vos
414 2542 564 2600 Dominus
576 2543 609 2600 in
622 2542 729 2602 timore
742 2562 795 2601 suo
808 2542 1002 2616 sanctissimo,
1012 2542 1067 2621 qui
1080 2544 1164 2603 vivit
1176 2551 1212 2606 et
1224 2552 1323 2625 regist

116 2622 198 2679 Deus
212 2622 244 2679 in
258 2623 363 2680 saecula
377 2622 558 2680 saeculorum.
601 2623 708 2681 Amen.

176 2702 243 2759 Pax
256 2703 417 2761 vobiscum.
460 2703 502 2761 Et
515 2723 583 2761 cum
596 2704 704 2779 spiritu
717 2710 779 2761 tuo.

179 2782 280 2842 Oratio
298 2792 367 2860 poet
390 2783 658 2860 confirmationem:
688 2784 771 2843 Deus
794 2783 847 2861 qui
869 2781 1011 2860 apostolis
1029 2782 1104 2860 tuis,
1125 2794 1155 2845 et
1178 2795 1273 2847 cetero
1295 2796 1325 2845 nt

116 2882 150 2920 sn
174 2884 215 2935 ro,
253 2910 259 2923 .
278 2865 343 2924 stt.

150 2883 262 3003 pindo
269 2944 443 3021 pronuntiet
457 2944 627 3003 Diaconos:
647 2943 818 3002 Humiliste
830 2962 885 3002 vos
897 2943 936 3003 ad
949 2942 1204 3009 benedictionem.

177 3022 261 3099 Reep.
305 3025 370 3082 Deo
383 3024 502 3099 gratim.

177 3104 219 3161 Et
232 3103 395 3180 Episcopus
408 3106 455 3162 det
468 3103 689 3163 benedictionem
703 3124 789 3179 snper
802 3102 991 3179 confirmatos,
1005 3103 1128 3165 cnam:

177 3182 339 3242 Benedicat
360 3184 445 3241 vobis
466 3184 653 3260 omnipotens
674 3183 765 3257 Deus,
779 3184 833 3261 qui
852 3189 960 3242 cuncte
979 3203 1019 3242 ex
1037 3184 1138 3244 nihilo
1151 3188 1281 3261 creavit,
1297 3192 1326 3247 et

116 3264 200 3321 vobis
213 3264 246 3320 in
260 3265 437 3339 baptismate
451 3283 504 3340 per
517 3265 664 3341 Spiritum
678 3264 822 3323 Sanctum
840 3264 1044 3323 remissionem
1063 3266 1208 3325 omnium
1220 3268 1325 3327 tribuit

116 3350 310 3421 peccatorum.
353 3344 462 3402 Amen.

179 3425 297 3501 Quique
315 3425 442 3482 eundem
459 3424 606 3501 Spiritum
625 3424 767 3482 Sanctum
780 3424 814 3483 in
826 3424 920 3501 igneis
933 3423 1045 3501 linguis
1061 3422 1226 3503 discipulis
1237 3428 1324 3499 dedit,

118 3505 209 3581 ipsius
227 3506 427 3564 illustratione
445 3505 533 3563 corde
549 3511 649 3564 vestra
665 3505 834 3582 perlustret,
852 3511 885 3564 et
901 3505 935 3563 in
953 3522 1043 3562 suum
1059 3523 1198 3567 emomm
1214 3509 1324 3587 jugiter

117 3587 266 3645 accendat.
309 3587 418 3644 Amen.

181 3667 329 3737 Quatinus
349 3667 411 3742 ejus
424 3666 502 3723 dono
516 3685 535 3723 e
547 3665 662 3723 cunctis
674 3665 758 3723 vitiis
779 3664 934 3723 emundati
951 3663 1107 3741 ipsiusque
1127 3667 1323 3749 opitulatione

120 3748 157 3806 ab
168 3749 304 3805 omnibus
312 3747 541 3805 adversitatibus
552 3745 664 3805 defensi
671 3744 818 3822 templum
827 3746 891 3823 ejus
900 3745 976 3804 effici
985 3746 1173 3807 mereamini.
1217 3750 1320 3807 Amen.

180 3828 267 3898 Quod
289 3829 352 3905 ipse
379 3833 519 3904 praestare
542 3827 690 3903 dignetur,
719 3826 772 3902 qui
796 3826 833 3884 (le
856 3826 947 3885 Patre
974 3830 1006 3883 et
1028 3824 1112 3901 Filio
1135 3828 1276 3905 procedit
1293 3834 1321 3887 et

119 3908 266 3987 gloriatur
280 3909 363 3966 Deus
376 3927 431 3983 per
443 3907 542 3965 omnia
555 3905 662 3964 saeoula
675 3906 857 3964 soeculorum.
899 3906 1008 3965 Amen.

178 3988 351 4047 Benedictio
375 3988 434 4047 Dei
458 3987 557 4046 Patris
581 3991 613 4044 et
632 3985 704 4044 Filii
723 3992 756 4044 et
775 3986 905 4063 Spiritus
925 3986 1029 4046 Sancti
1051 3984 1220 4051 descendat
1242 4004 1321 4068 super

118 4087 177 4128 vos.
220 4070 328 4127 Amen.

178 4150 219 4206 Bt
232 4169 293 4225 pax
307 4146 431 4207 Domini
444 4147 484 4206 sit
497 4167 613 4226 semper
624 4147 786 4207 vobiscum.

178 4229 301 4287 Etcum
315 4229 423 4305 spiritu
436 4235 498 4287 tuo.

176 4310 218 4366 Et
231 4309 384 4367 Diaconns
397 4309 485 4382 dicat,
500 4309 550 4368 Ite
562 4310 596 4367 in
609 4328 686 4388 pace

178 4389 264 4464 Reep.
306 4389 372 4447 Deo
385 4391 502 4466 gratiss.
