2850 4800
167 339 209 402 86
543 303 724 420 b'cseqaaa'cc⁴
741 299 994 422 Defenderam.

228 516 390 575 Benedicat
409 535 463 574 nos
482 516 574 590 Deus,
590 517 674 574 Deus
695 522 803 589 noster,
819 517 974 575 benedicat
994 536 1048 575 nos
1068 515 1170 575 Deus:
1191 521 1222 575 et
1235 523 1376 577 metuant

168 633 235 672 eum
250 632 350 671 omnes
364 613 437 670 fines
451 618 546 671 terrae.

228 711 376 787 Requiem
390 716 539 768 aeternam.

227 865 407 942 Antiphone.

225 1157 277 1214 Me
307 1177 418 1215 sus-ce
443 1157 549 1234 --pit
573 1159 756 1216 dex-te-ra
794 1165 901 1232 tu-a,
931 1159 1119 1217 Domi-ne.

225 1327 403 1403 Antiphone.
916 1390 919 1400 ,
945 1385 948 1390 ,

841 1723 1294 1823 a-v-o-v-n-n.
1367 1775 1370 1780 .

215 1869 355 1926 Paulinus
369 1869 546 1946 (Canticum
560 1869 830 1927 Ezecltioe-Esua‘ae
844 1849 987 1948 cccciii..)

219 1965 283 2041 Ego
297 1966 377 2023 dixi:
401 1965 439 2022 In
454 1966 576 2024 dimidio
591 1967 707 2023 dierum
720 1986 863 2040 meorum,
877 1966 983 2024 vadam
998 1966 1036 2023 ad
1049 1971 1151 2043 portas
1164 1965 1261 2024 inferi.

219 2061 350 2130 Quaesivi
370 2062 521 2120 residuum
541 2083 688 2121 annorum
709 2083 860 2136 meorum,
881 2063 962 2119 dixi:
984 2062 1056 2120 Non
1069 2061 1176 2120 videbo
1198 2062 1365 2122 Dominum

158 2159 257 2216 Deum
272 2159 305 2216 in
319 2165 399 2216 terra
412 2160 590 2220 viventium.

215 2255 248 2312 N
249 2276 287 2313 011
301 2257 440 2332 aspiciam
454 2257 605 2314 hominem
619 2257 707 2330 ultra,
724 2262 754 2315 et
768 2259 967 2316 habitatorem
981 2258 1101 2334 quietis.

217 2353 377 2412 Generatio
391 2375 456 2412 mea
470 2355 570 2413 ablata
583 2361 637 2428 est,
653 2361 683 2414 et
697 2355 857 2414 convoluta
870 2361 915 2414 est
927 2375 947 2413 a
959 2375 1017 2428 me,
1032 2356 1119 2432 quasi
1136 2355 1362 2415 tabernaculum

153 2455 313 2524 pastorum.
1249 2459 1252 2465 '
1278 2467 1279 2473 ’

214 2553 341 2609 Praecisa
355 2559 408 2624 est,
426 2552 510 2609 velut
523 2571 541 2609 a
555 2534 684 2624 texente,
700 2551 764 2609 vita
784 2571 850 2610 mea
859 2572 868 2624 3
888 2551 960 2609 dum
980 2550 1077 2610 adhuc
1098 2551 1220 2626 ordirer,
1236 2552 1361 2612 succidit

61 2722 66 2729 .
155 2667 220 2706 me:
242 2648 278 2705 de
292 2668 378 2705 mane
393 2649 537 2724 usquead
552 2668 705 2725 vesperam
718 2648 804 2706 finies
817 2668 872 2708 me.

213 2746 372 2822 Sperabam
386 2767 479 2822 usque
493 2748 531 2804 ad
545 2767 640 2820 mane,
658 2748 747 2824 quasi
760 2747 806 2805 leo
821 2749 863 2804 sic
877 2748 1021 2805 contrivit
1034 2748 1135 2805 omnia
1147 2767 1214 2806 ossa
1224 2726 1301 2807 mea.

214 2842 260 2900 De
281 2862 366 2901 mane
387 2865 479 2920 usque
493 2844 531 2902 ad
544 2865 696 2921 vesperam
716 2845 802 2903 finies
823 2865 869 2903 me
879 2866 888 2918 ;
917 2845 993 2903 sicut
1014 2845 1114 2923 pullus
1134 2846 1305 2905 hirundinis
1317 2847 1358 2906 sic

154 2939 295 3012 clamabo,
310 2940 476 2998 meditabor
489 2947 524 2998 ut
538 2942 681 2999 columba.

212 3034 376 3093 Attenuati
389 3043 461 3094 sunt
475 3038 553 3095 oculi
567 3038 636 3109 mei,
650 3038 843 3114 suspicientes
857 3035 1061 3116 intexeelsum.
1135 3081 1136 3084 η

213 3133 351 3205 Domine,
363 3135 424 3192 vim
438 3135 545 3211 patior,
557 3136 700 3212 responde
714 3154 767 3211 pro
781 3155 836 3193 mc.
880 3134 960 3205 Quid
970 3132 1075 3205 dicam,
1088 3140 1141 3192 aut
1151 3135 1225 3210 quid
1239 3155 1356 3213 respon·

153 3229 234 3287 debit
248 3231 331 3304 mihi,
349 3252 416 3289 eum
429 3233 492 3309 ipse
506 3233 627 3290 fecerit?

212 3328 395 3405 Recogitabo
408 3331 467 3387 tibi
480 3350 580 3388 omnes
595 3350 688 3388 annos
701 3350 789 3403 meos,
805 3330 838 3387 in
851 3329 1049 3387 amaritudine
1063 3329 1168 3387 animae
1184 3349 1265 3388 meae.

213 3423 349 3496 Domine,
366 3426 392 3482 si
405 3426 447 3483 sic
460 3427 583 3498 vivitur,
598 3433 629 3484 et
646 3426 679 3483 in
701 3426 809 3484 talibus
830 3426 894 3483 vita
915 3426 1039 3503 spiritus
1060 3425 1127 3499 mei,
1143 3427 1283 3504 corripies
1296 3447 1352 3501 me,

151 3526 182 3576 et
195 3518 360 3578 vivificabis
373 3542 428 3580 me.
473 3525 548 3582 Ecce
562 3526 595 3581 in
609 3544 679 3601 pace
693 3524 859 3582 amaritudo
873 3543 938 3581 mea
952 3523 1141 3582 amarissima

212 3617 258 3674 Tu
280 3624 380 3676 autem
402 3621 507 3679 eruisti
534 3623 663 3679 animam
691 3642 796 3693 meam,
820 3627 856 3680 ut
878 3642 939 3680 non
960 3621 1088 3699 periret:
1116 3622 1267 3699 projecisti
1287 3630 1355 3701 post

150 3718 268 3794 tergum
282 3723 367 3774 tuum
382 3719 482 3776 omnia
495 3726 615 3796 peccata
629 3740 701 3778 mea.

210 3815 289 3884 Quia
309 3835 370 3903 non
391 3816 525 3874 infernus
547 3818 737 3876 confitebitur
757 3818 823 3889 tibi,
846 3837 942 3894 neque
964 3837 1042 3875 mors
1063 3817 1198 3875 laudabit
1218 3823 1268 3877 te:
1292 3837 1353 3878 non

148 3914 356 3990 expectabunt,
372 3915 425 3990 qui
438 3914 621 3972 descendunt
635 3915 667 3973 in
681 3917 788 3989 lacum,
802 3917 960 3974 veritatem
974 3923 1065 3974 tuam.

208 4011 333 4085 Vivens,
349 4013 452 4070 vivens
472 4013 535 4090 ipse
555 4015 745 4072 confitebitur
766 4015 831 4087 tibi,
847 4015 925 4073 sicut
938 4022 969 4073 et
985 4033 1038 4092 ego
1058 4014 1146 4072 hodie
1155 4034 1164 4087 3
1184 4019 1271 4091 pater
1283 4014 1352 4072 filiis

146 4113 248 4165 notam
262 4110 350 4167 faciet
363 4110 523 4169 veritatem
536 4117 627 4170 tuam.
965 4178 968 4183 ,

206 4204 344 4280 Domine,
366 4207 482 4265 salvum
508 4229 556 4267 me
582 4209 628 4268 fac
638 4229 648 4283 ,·
676 4215 707 4268 et
733 4209 861 4286 psalmos
888 4215 1005 4268 nostros
1026 4208 1212 4268 cantabimus
1236 4209 1351 4268 cunctis

145 4298 332 4360 diebusvitae
346 4310 454 4362 nostrae
468 4305 502 4362 in
515 4306 601 4365 domo
616 4305 748 4364 Domini.

205 4395 352 4475 Requiem
366 4407 515 4460 aetemam.
