2850 4800
621 309 738 376 Ursatio
760 308 938 376 Eutresia(
966 347 969 353 ·
1023 306 1026 312 ’

566 542 617 599 Dn
638 542 792 600 Exranua
813 542 985 600 Uncmoun.

227 691 405 751 Notandum
419 697 516 749 tamea
536 690 680 764 estquod
699 691 799 747 auctio
821 710 881 747 acu
902 689 980 748 debet
994 689 1086 764 fiairi
1103 676 1263 764 ariteqrma
1276 689 1384 764 forum

165 790 350 871 incipiatum
370 810 422 848 rcec
430 787 538 864 forma
550 787 642 862 fiairi
662 797 821 862 antequam
841 788 940 849 uactc'o
958 788 1130 863 incipiatur.
1173 787 1258 847 Huic
1271 808 1384 850 coacer-

165 891 218 949 dat
232 891 345 948 dictum
358 888 438 947 Secti
451 907 540 962 saper
553 887 590 944 ie.
609 886 676 944 dist.
692 885 742 943 cii.

227 987 312 1044 Tuae
322 984 462 1044 Sacerdos
476 983 602 1060 accipiat
616 983 710 1041 oleum
724 983 912 1058 infirmorum
930 983 1162 1058 superpelliceas
1176 983 1314 1042 deutrum
1321 1004 1335 1054 ;
1356 991 1384 1044 et

163 1085 206 1144 sic
220 1105 286 1143 cam
294 1084 399 1160 pollice
421 1091 524 1157 tauqat
544 1083 699 1156 infirmum
712 1081 770 1141 oleo
785 1091 892 1153 sancto,
909 1082 1027 1156 siarcum
1048 1081 1143 1140 crucis
1153 1080 1276 1154 faciens
1295 1100 1385 1158 serpes·

164 1190 320 1257 utrumque
348 1181 465 1240 oculum
488 1180 612 1254 infirmi,
637 1178 806 1255 incipiendo
833 1180 874 1236 ad
901 1179 1035 1236 dextram
1063 1178 1189 1252 oculum,
1216 1178 1270 1237 laec
1296 1180 1384 1240 modo

166 1279 283 1338 diceas:
604 1343 607 1349 ‚

225 1377 285 1435 Par
297 1377 387 1434 istam
400 1381 534 1433 sanctam
546 1372 768 1454 uncffltionem
783 1380 813 1430 et
828 1393 911 1430 suam
926 1373 1088 1450 piissimam
1103 1374 1337 1432 misericordiam
1351 1380 1383 1434 at

163 1492 217 1550 per
230 1473 472 1532 intercessionem
493 1472 588 1530 beatae
609 1472 715 1530 Maria
737 1472 864 1548 virginis
883 1478 914 1529 et
932 1473 1066 1529 omnium
1088 1477 1267 1545 sanctorum,
1283 1471 1382 1531 indul·

163 1577 232 1648 gest
245 1571 302 1627 tibi
317 1568 466 1626 Dominus
479 1568 622 1644 quicquid
635 1569 765 1644 peccasti
777 1587 831 1644 per
844 1568 949 1626 visum.
994 1569 1118 1644 Amen„

223 1665 343 1740 Semper
355 1664 434 1722 caios
454 1664 580 1738 accipiat
592 1663 733 1722 Sacerdos
747 1663 781 1720 de
790 1660 934 1739 predicto
948 1663 1006 1722 oleo
1027 1665 1216 1738 infirmorum
1229 1673 1256 1723 et
1268 1684 1331 1724 aaa
1344 1665 1382 1725 ab

97 1751 100 1759 ’
162 1761 230 1832 alio,
244 1761 332 1818 donec
346 1780 444 1818 omues
456 1768 602 1835 sequentes
615 1760 767 1818 coactiones
773 1759 937 1835 finiantur.

225 1855 278 1914 Aa
291 1876 387 1914 aures.

226 1953 287 2011 Per
307 1954 397 2010 istam
411 1957 545 2010 sanctam
565 1950 787 2032 uncffltionem
808 1959 839 2010 et
860 1973 943 2010 suam
964 1953 1130 2030 piissimam
1149 1954 1383 2015 misericordiam

163 2055 194 2108 et
206 2069 260 2126 per
275 2049 518 2119 intercessionem
539 2050 633 2106 beatae
657 2049 763 2106 Mariae
785 2050 912 2126 virginis
933 2056 963 2108 et
984 2052 1119 2112 omnium
1140 2057 1318 2126 sanctorum,
1334 2052 1381 2110 in·

162 2147 284 2224 dulgeat
298 2146 356 2203 tibi
371 2146 519 2211 Dominus
534 2145 677 2223 quicquid
690 2146 818 2223 peccasti
832 2166 885 2223 per
898 2147 1043 2205 auditum.
1086 2148 1195 2206 Amen.

223 2244 275 2301 Ad
290 2242 379 2301 latia.

225 2339 284 2397 Per
304 2340 395 2398 istam
409 2345 543 2398 sanctam
561 2337 784 2419 uncffltionem
805 2344 836 2396 et
857 2359 942 2396 suam
962 2340 1128 2416 piissimam
1147 2341 1382 2402 misericordiam

162 2442 194 2494 et
207 2456 259 2512 per
272 2437 514 2495 intercessionem
528 2439 622 2494 beatae
637 2436 743 2494 Mariae
757 2436 883 2512 virginis
897 2442 928 2494 ct
942 2437 1076 2495 omnium
1091 2444 1271 2510 sanctorum,
1282 2439 1380 2498 indul-

162 2538 230 2610 geat
257 2533 316 2590 tibi
342 2534 492 2592 Dominus
526 2532 669 2610 quicquid
703 2533 831 2609 peccasti
857 2551 911 2608 per
937 2533 1059 2610 gustum
1087 2539 1118 2592 et
1144 2534 1251 2594 illicita
1278 2536 1378 2595 verba

164 2629 274 2691 Amen.
1008 2659 1011 2663 ¹

224 2725 275 2782 Aa
289 2746 383 2798 aeres,
400 2726 499 2784 diceus
508 2749 518 2786 :

225 2821 285 2879 Per
305 2823 394 2879 istam
408 2828 542 2879 sanctam
563 2821 784 2902 uncffltionem
806 2829 836 2882 et
858 2844 941 2882 suam
962 2824 1127 2902 piissimam
1147 2826 1379 2895 misericordiam

164 2924 195 2976 et
208 2937 261 2995 per
277 2917 518 2976 intercessionem
540 2918 634 2976 beatae
657 2920 763 2977 Mariae
785 2921 911 2996 virginis
931 2926 962 2977 et
986 2922 1121 2978 omnium
1141 2929 1321 2997 sanctorum,
1335 2924 1380 2982 in-

106 3005 112 3013 ’
167 3015 288 3091 dulgeat
301 3015 359 3073 tibi
373 3016 521 3073 Dominus
535 3016 677 3092 quicquid
690 3017 819 3092 peccasti
832 3037 885 3093 per
899 3018 1063 3076 odoratum.
1105 3018 1214 3078 Amen.

224 3112 339 3170 Marcus
352 3113 467 3187 infirmi
484 3112 647 3171 Sacerdotis
667 3113 767 3172 debeat
780 3115 889 3189 iauapi
902 3115 937 3171 ia
945 3115 1084 3190 partibas
1096 3117 1294 3191 exterioribus,
1308 3138 1380 3177 uam

163 3217 191 3267 et
210 3208 360 3285 episcopas
379 3209 504 3285 erepebat
524 3210 559 3268 ire
573 3210 714 3286 partibus
729 3210 926 3269 interioribus.
967 3211 1082 3286 Marsas
1095 3232 1160 3271 vero
1181 3213 1382 3292 cujuscunque

167 3305 290 3365 alterius
303 3306 419 3382 infirmi
432 3307 531 3366 debeat
544 3307 621 3383 ureqi
633 3307 766 3366 tourins.

228 3402 325 3478 Super
338 3424 455 3477 marcas,
471 3405 588 3464 diceres:

229 3500 288 3557 Per
308 3501 397 3558 istam
411 3507 544 3559 sanctam
564 3499 783 3580 uncffltionem
807 3507 838 3559 et
859 3520 943 3558 suam
965 3502 1127 3579 piissimam
1147 3504 1380 3564 misericordiam

167 3601 198 3654 ct
211 3614 264 3672 per
284 3596 524 3655 intercessionem
545 3597 638 3654 beatae
660 3596 766 3654 Mariae
787 3597 913 3673 virginis
935 3603 972 3655 et.
988 3600 1123 3656 omnium
1143 3608 1323 3676 sanctorum,
1337 3602 1381 3659 in-

166 3693 288 3770 dulgeat
313 3694 372 3752 tibi
399 3693 547 3752 Dominus
574 3692 718 3770 quicquid
744 3695 873 3770 peccasti
900 3714 953 3771 per
975 3701 1090 3753 tactum
1112 3702 1144 3754 et
1167 3700 1379 3774 operationem.

168 3790 278 3850 Amen.
423 3784 429 3796 ’

228 3888 280 3947 Aa
287 3889 385 3965 pedes,
401 3887 500 3946 dicens
509 3910 520 3947 .·

228 3987 288 4044 Per
307 3987 397 4044 istam
411 3992 544 4044 sanctam
557 3981 770 4063 uncfflsionem
785 3991 816 4042 et
829 4005 913 4043 suam
927 3986 1090 4062 piissimam
1103 3988 1337 4050 miscricordiam
1350 3995 1382 4051 et

167 4105 220 4165 per
233 4086 474 4145 intercessionem
487 4085 581 4142 bcatae
596 4083 701 4140 Mariae
716 4084 840 4160 virginis
851 4091 882 4141 et
892 4086 1026 4143 omnium
1036 4093 1215 4162 sanctornm,
1227 4089 1382 4170 indulgeat

166 4185 225 4242 tibi
239 4184 387 4242 Dominus
400 4181 543 4261 quicquid
555 4181 684 4259 peccasti
696 4200 750 4257 per
763 4182 908 4240 incessum
917 4184 1039 4259 pedum.
1081 4183 1187 4244 Amen.
1233 4226 1237 4232 -

229 4280 281 4338 Ad
292 4301 347 4353 cor,
362 4281 461 4339 diceres
470 4302 480 4339 :
1030 4354 1033 4361 ¹

229 4377 290 4435 Per
302 4378 392 4437 istam
411 4382 544 4437 sanctam
557 4374 770 4456 anal-tionem
784 4383 815 4436 et
828 4397 913 4436 suam
925 4377 1088 4456 piissimam
1106 4380 1380 4445 misericordiane
