2850 4800
118 311 182 377 204
546 302 722 371 Deeuncto
736 301 905 371 Scrrucue.

178 475 373 644 moliorem
395 562 573 642 sempiterne
593 562 685 636 Deus,
707 561 760 639 qui
786 579 843 620 nos
862 559 996 619 omnium
1023 566 1201 621 sanctorum
1220 562 1322 623 merita

116 666 174 726 sub
186 685 247 724 una
260 664 367 722 tribuis
380 662 551 722 celebritate
563 659 708 733 venerari,
719 676 898 736 quesumus,
908 663 945 716 ut
955 657 1152 718 desideratum
1165 658 1253 721 nobis
1264 664 1322 721 tna

117 761 336 843 propitiationis
348 758 563 819 abundantiam
582 754 789 834 multiplicatis
800 754 1061 815 intercessionibus
1077 755 1225 834 larginui.
1264 756 1321 817 Per

119 859 280 920 chrisum.

361 962 568 1021 Evsrunmuu
588 975 623 1017 ns
645 974 701 1017 mr
720 957 927 1017 Ascmssrours
947 956 1079 1017 Domui.

178 1076 346 1137 Secundum
362 1075 502 1133 Muretus
517 1072 595 1150 (cvi.
613 1070 737 1148 llflu.)
776 1070 817 1128 In
833 1070 887 1129 illo
907 1076 1049 1147 tempore,
1068 1070 1315 1133 Recumtontbn

118 1168 581 1251 mqrteadsequentibussignis
1100 1216 1105 1223 .

448 1343 657 1403 &susumus
678 1360 713 1402 ns
732 1359 787 1401 mn
806 1341 998 1399 Ernnmn

179 1455 348 1516 Secundum
370 1451 546 1511 Matttaeum
569 1452 619 1530 (ii.
647 1451 725 1530 1-2.)
765 1451 842 1510 (lum
859 1456 949 1509 natus
967 1453 1044 1509 esset
1063 1449 1155 1509 Jesns
1173 1468 1263 1528 mque
1278 1449 1313 1511 ud

118 1553 230 1612 reversi
243 1557 314 1610 sunt
328 1550 360 1609 in
373 1549 522 1627 regionem
536 1567 629 1607 suam.
1123 1561 1130 1572 ·

310 1729 519 1789 Evsuomruu
539 1743 574 1784 1u
594 1726 859 1785 Ansnsrnnorn
878 1741 985 1783 naara
1004 1724 1132 1785 Mirm

178 1844 345 1904 Secundum
364 1841 478 1900 Lucum
498 1839 536 1917 (i.
560 1839 678 1918 2638.)
718 1840 758 1897 In
777 1838 831 1897 illo
847 1844 989 1915 tempore,
1004 1838 1117 1897 Missus
1135 1844 1182 1899 cst
1203 1836 1315 1898 Gabriel

119 1942 240 2019 angelus
253 1960 343 2017 usque
353 1940 394 1998 ad
406 1939 460 1996 fiat
472 1937 548 1995 mihi
560 1937 722 1996 seeundum
735 1936 860 1994 verbum
872 1941 968 1994 tuum.

361 2100 570 2159 Evsuunnruu
591 2115 625 2156 ns
644 2114 699 2156 nnc
719 2097 923 2156 Nsrrvirsrrs
944 2095 1075 2155 Donum

178 2214 347 2275 Secundum
360 2214 526 2276 Jotannem
538 2213 576 2291 (i.
594 2212 692 2290 1-14).
736 2213 776 2270 In
788 2212 933 2290 principio
940 2231 1033 2287 usquc
1045 2212 1087 2270 ad
1095 2212 1220 2289 plenum
1229 2208 1317 2291 gratis

118 2317 151 2373 et
163 2314 307 2373 veritatis.
790 2308 801 2329 ’

527 2406 577 2465 Dn
598 2406 720 2466 sinon
739 2406 917 2466 Triumirn

178 2522 359 2600 Antiphonti.
403 2520 522 2579 Gratias
538 2521 604 2592 tibi,
620 2521 712 2591 Deus,
726 2520 836 2597 gratim
854 2520 920 2595 tibi,
943 2540 1014 2579 vera
1031 2540 1093 2579 nna
1107 2519 1252 2595 Trinitas,
1264 2536 1317 2579 uus

118 2621 150 2675 et
162 2635 278 2675 summa
291 2614 405 2687 Deitas,
420 2617 522 2671 saneta
535 2618 566 2669 et
580 2631 641 2669 una
655 2612 776 2673 Unitas.

180 2709 289 2768 Oratio.

179 2801 374 2877 Omnipotens
398 2797 576 2874 sempiterne
594 2795 685 2869 Deus,
700 2796 753 2874 qui
765 2795 872 2854 dedisti
885 2795 1004 2855 famulis
1016 2796 1079 2855 tuis
1097 2796 1132 2854 in
1146 2796 1318 2857 confessione

117 2917 194 2958 verse
208 2898 276 2956 fidei
290 2905 407 2956 aeternae
427 2894 583 2952 Trinitatis
595 2894 721 2970 gloriam
739 2913 903 2970 agnoscere,
918 2900 949 2953 et
967 2895 1000 2952 in
1012 2894 1149 2973 potantia
1160 2892 1318 2973 mejestatis

118 2993 240 3052 adorare
262 2996 429 3065 unitatem3
463 3011 641 3069 quaesumus
661 2996 698 3049 ut
718 2991 849 3067 ejusdem
871 2991 942 3049 fidei
960 2992 1103 3049 firmitate
1126 2993 1166 3050 ab
1186 2992 1317 3051 omnibus

117 3109 233 3167 semper
239 3093 410 3149 muniamur
423 3090 561 3162 adversis,
572 3089 612 3146 In
628 3109 687 3167 qua
696 3088 775 3147 vivis
785 3093 817 3147 ot
829 3108 934 3167 regnas
947 3089 1031 3148 Deus
1037 3108 1091 3167 per
1103 3090 1206 3149 omniu
1219 3086 1317 3149 saeculs

117 3186 298 3246 saeculorum.
341 3188 450 3245 Amen.

177 3363 357 3440 Antiphon&
547 3315 597 3374 Dr
618 3331 732 3375 ssucro
752 3314 905 3376 Ssusorn.

177 3461 255 3535 Ave,
266 3483 327 3536 rex,
337 3463 461 3540 gloriose
472 3484 482 3539 ;
502 3465 579 3536 Ave,
594 3465 616 3522 J
618 3484 669 3522 esu
680 3464 806 3538 Christe,
817 3464 870 3540 qui
883 3482 997 3540 semper
1006 3481 1112 3541 regnas
1125 3468 1158 3522 et
1169 3462 1317 3542 gloriaris:

117 3558 196 3634 Ave,
211 3561 308 3619 hostia
321 3563 468 3636 salutaris,
483 3565 568 3640 cujus
582 3564 679 3641 gratia
691 3563 796 3621 beatus
809 3562 933 3622 Samson
941 3561 1036 3640 gloria
1048 3568 1194 3639 perpetua
1206 3580 1318 3623 cerom-

115 3660 168 3714 tur
180 3662 211 3714 et
225 3657 343 3718 honore.

121 3752 152 3814 V.
168 3753 358 3832 (sacrdotul‘
371 3753 397 3832 )
441 3755 502 3813 Ora
514 3775 568 3833 pro
582 3755 676 3828 nobis,
689 3755 775 3814 beate
789 3755 921 3814 Samson.

177 3847 373 4016 grgrliopotens
394 3940 571 4017 sempiterne
595 3940 688 4014 Deus,
713 3940 766 4017 qui
788 3940 821 3997 in
841 3939 951 3999 sanctis
971 3937 1118 4017 praecipue
1137 3939 1269 3999 laudaris
1289 3944 1319 3999 et

115 4036 293 4094 mirabiliter
311 4037 501 4114 praedicaris3
524 4038 624 4096 tribue
647 4038 733 4095 nobis
753 4038 929 4096 hodiernum
946 4038 1025 4094 diem
1044 4038 1079 4095 in
1095 4037 1210 4097 honore
1228 4036 1321 4097 suncti

116 4133 266 4192 samsonis
283 4134 455 4193 confessoris
475 4136 523 4194 tui
545 4142 636 4213 atque
653 4135 801 4213 pontificis
822 4136 911 4212 (ligne
931 4133 1086 4209 celebrare,
1104 4154 1166 4228 qua
1183 4133 1319 4197 membris

115 4233 225 4288 exutus
237 4231 383 4306 corporeis
402 4231 567 4290 caelestibus
577 4232 687 4289 meruit
701 4232 835 4290 exultare
848 4230 1047 4293 sacramentis.
1089 4230 1157 4291 Per.

531 4357 624 4415 Fnur
643 4358 903 4417 Pnocsssrorsnu.
