2850 4800
183 271 224 334 16
613 262 718 329 Re'tas
739 261 961 348 Bapttaaadi.

242 447 349 507 Fiar'ta
360 446 552 506 bencdictione
557 444 704 521 seatium,
719 443 818 502 mittat
827 441 968 501 Sacerdos
980 441 1075 502 oleam
1087 451 1223 502 sanctam
1236 443 1271 502 ia
1281 464 1395 520 aquam

181 563 293 605 cracem
298 544 417 619 factores
427 545 462 602 de
470 544 534 619 r'pso
543 543 601 602 cleo
611 562 676 600 cara
686 542 752 616 ipsa
760 541 875 599 billioree
886 561 950 616 qaae
960 550 1001 600 cst
1010 541 1045 599 e'a
1054 560 1120 600 rose
1130 540 1192 614 eat,
1205 542 1246 600 ee'c
1254 542 1378 602 dicendo
1387 568 1398 604 .-

181 642 254 718 Oonj
260 640 361 698 unctio
382 640 440 698 olei
459 639 609 697 unctionis
624 644 655 696 et
668 657 753 714 aquae
766 638 963 714 baptismatis.
1016 638 1056 695 In
1069 639 1189 695 nomine
1197 637 1238 718 ᾧ
1248 638 1353 698 Patris
1365 647 1397 699 et

181 739 254 797 Filii
268 743 299 796 et
313 739 444 815 Spiritus
459 737 569 795 Sancti.
612 738 732 794 Amem.

242 834 357 892 Dee'ade
376 834 475 892 mittat
492 832 633 892 Sacerdos
655 831 783 890 clerioraa
803 831 838 889 c‘a
850 831 976 906 scatere,
991 851 1103 890 cracem
1116 831 1260 908 faciendo
1281 831 1318 891 dc
1330 833 1395 911 e'pm

182 929 336 989 chrismate
364 949 430 987 aare
453 929 520 1003 ipsa
548 927 665 986 bellicae
693 947 757 1002 qaae
782 935 823 984 est
845 927 881 984 r'a
903 946 969 985 oasa
986 927 1161 999 chrismatis,
1187 927 1229 986 sr'c
1248 927 1394 988 amado:

180 1026 371 1085 Fecundetur
391 1032 422 1084 et
442 1025 644 1083 sanctificetur
664 1024 730 1081 fons
750 1024 808 1081 iste
827 1024 982 1082 salutifero
1003 1023 1167 1082 chrismate.
1220 1024 1260 1081 In
1274 1026 1395 1084 nomine

181 1120 222 1202 ›1‹
231 1122 331 1181 Patris
345 1127 377 1180 et
390 1121 465 1180 Filii
478 1127 508 1178 et
523 1120 652 1196 Spiritus
666 1119 776 1177 Sancti.
819 1119 928 1176 Amen.

242 1219 343 1279 Tertia
356 1219 415 1277 viee
432 1226 532 1277 eareat
545 1215 686 1275 Sacerdos
700 1215 795 1273 simod
810 1215 904 1274 oleam
921 1224 947 1273 et
961 1215 1096 1287 adriana,
1114 1225 1140 1274 et
1153 1215 1254 1290 saciat
1275 1217 1393 1293 afflare

181 1316 276 1375 cracis
288 1317 323 1374 ia
336 1335 424 1390 aqaa,
440 1314 482 1372 sr'c
495 1314 635 1372 dicendo:
656 1311 834 1388 Oonjunctio
848 1311 1015 1370 chrismatis
1036 1312 1279 1372 sanctificationis
1292 1320 1324 1372 et
1336 1315 1394 1373 olei

180 1414 331 1472 unctionis
345 1419 375 1471 et
390 1432 475 1489 aquae
493 1411 689 1489 baptismatis.
736 1410 776 1468 In
789 1410 910 1468 nomine
925 1409 1025 1468 Patris
1039 1409 1121 1490 >laet
1135 1411 1207 1468 Filii
1217 1417 1249 1470 et
1263 1412 1393 1490 Spiritus

185 1509 297 1568 Sancti.
340 1509 449 1567 Amen.

622 1651 723 1710 Rmas
743 1651 945 1710 Beerrzerm.

243 1805 277 1862 N
274 1806 417 1865 otaredaae
425 1813 465 1864 est
474 1804 554 1880 qaod
562 1805 596 1864 ia
604 1805 715 1880 riqilie's
725 1803 846 1862 Paschae
859 1813 886 1863 ct
897 1805 1075 1864 Peatccostes
1083 1805 1394 1882 oortsecrate'efoatr'brc

180 1922 242 1962 raca
270 1900 448 1977 iafaadetar
476 1902 569 1960 oleam
595 1920 686 1976 aeque
707 1901 843 1974 chrisma,
870 1901 932 1960 aaa
955 1901 1049 1959 asciret
1075 1901 1172 1976 aliqui
1195 1902 1250 1977 qae‘
1274 1903 1393 1963 debeam

180 1997 352 2076 baptizari*
393 1999 479 2057 Pareo
496 2006 631 2075 portetur
652 1998 757 2075 iafaas
781 1997 938 2073 adfantes
960 2000 997 2057 ab
1015 1999 1062 2057 lde
1080 1999 1133 2074 qai
1149 2019 1217 2056 eura
1230 2000 1393 2076 casemari

180 2111 252 2160 caat
273 2104 315 2161 ad
337 2103 521 2180 baptismam,
539 2102 666 2178 epsisqae
690 2103 813 2161 euadere
829 2121 960 2177 paerara
983 2121 1070 2178 saper
1081 2100 1178 2175 scates
1194 2103 1274 2160 inter
1286 2122 1394 2162 mareas

180 2199 350 2273 tenentibus,
364 2209 461 2276 pcaat
473 2200 614 2259 Sacerdos
627 2218 751 2257 marram
771 2200 905 2258 deatrara
919 2217 1006 2275 saper
1019 2219 1086 2257 earn
1098 2208 1125 2256 et
1138 2199 1319 2274 interrepere
1332 2198 1392 2276 ejas

179 2297 297 2355 aomiae
319 2297 513 2372 respondeant
535 2297 588 2372 qai
609 2315 676 2353 earre
699 2304 812 2354 teneat:
836 2293 875 2354 N.
922 2293 1037 2353 Iterara
1056 2293 1198 2353 Sacerdos
1216 2294 1316 2353 dicat:
1339 2294 1389 2369 N„

181 2392 389 2451 Abrenuntias
411 2393 536 2451 Satanae.
601 2391 807 2468 Respondeant
820 2390 941 2466 patriai
958 2399 984 2449 et
1008 2391 1164 2450 matriaco:
1189 2391 1388 2451 Abrenuntio.

179 2489 203 2545 I
202 2497 297 2547 teram
314 2489 475 2548 Sacerdos:
499 2489 551 2560 N„
567 2489 609 2546 Et
626 2487 763 2546 omnibus
782 2487 920 2564 operibus
934 2487 1006 2564 ejus
1048 2486 1174 2545 Patriae'
1192 2496 1219 2546 et
1235 2489 1390 2548 meatem

180 2588 381 2648 Abrenuntio.
410 2590 508 2647 Tertio
518 2589 599 2647 dicat
608 2586 763 2647 Sacerdos:
777 2587 814 2644 N
812 2631 830 2661 .‚
842 2586 884 2644 Et
893 2587 1032 2645 omnibus
1041 2587 1156 2664 pompis
1167 2588 1239 2665 ejus.
1268 2586 1390 2648 Partiri

181 2693 207 2743 et
219 2686 378 2744 raatrc'rece:
399 2684 601 2742 Abrenuntio.

241 2783 348 2841 Postea
364 2790 459 2856 aaqat
472 2780 613 2840 Sacerdos
624 2791 727 2858 pectas
740 2781 870 2857 r'refaate's
883 2791 909 2839 et
922 2782 999 2841 irater
1011 2781 1148 2858 scapulas
1161 2783 1196 2840 dc
1209 2783 1268 2842 oleo
1283 2790 1388 2853 ronow,
1418 2840 1423 2849 ,

180 2898 293 2938 cracem
307 2877 427 2954 saeieas
445 2899 512 2937 cara
526 2879 630 2953 pollice
650 2900 712 2952 sao,
728 2879 819 2955 prices
836 2879 988 2938 aomiaato
1001 2900 1104 2956 paero,
1120 2881 1233 2939 diceas:
1260 2879 1312 2953 N„
1327 2880 1389 2957 Ego

179 2976 253 3035 linio
267 2982 306 3048 te,
322 2995 410 3050 super
417 2984 528 3051 pectas,
544 2977 608 3035 oleo
619 2977 733 3050 salutis,
744 2978 974 3053 interscapalas,
987 2978 1026 3035 In
1037 2976 1157 3036 Ohristo
1171 2977 1193 3036 J
1193 2996 1246 3036 esu
1259 2976 1389 3036 Domino

179 3080 282 3132 nostro
295 3074 327 3132 in
341 3074 436 3131 vitam
450 3079 599 3133 aeternam.
642 3074 751 3132 Amen.

240 3170 355 3230 Deiade
378 3171 556 3246 iaterroqato
579 3171 697 3230 acaciae
720 3169 791 3248 ejas,
813 3172 1006 3248 respoadearrt
1024 3172 1163 3248 patriai:
1187 3170 1229 3230 N.
1276 3169 1390 3231 Itcrrem

179 3269 335 3330 Sacerdos:
354 3269 406 3341 N„
422 3269 525 3326 Credis
538 3270 571 3326 in
586 3269 694 3341 Deum,
710 3269 832 3327 Patrem
846 3270 1091 3347 omnipotentem,
1106 3275 1270 3328 creatorem
1283 3268 1349 3328 areli
1360 3272 1391 3327 et

179 3375 274 3427 terrae.
311 3367 516 3442 Respondeant
523 3367 683 3442 patriai:†
702 3367 804 3426 Credo,
840 3366 954 3426 Iterara
964 3367 1119 3427 Sacerdos:
1139 3367 1190 3440 N„
1201 3366 1307 3425 Credis
1317 3365 1390 3425 etin

179 3465 286 3524 Jesum
307 3465 469 3535 Christum,
491 3464 604 3522 Filium
628 3464 693 3540 ejus
715 3464 847 3536 unicum,
870 3464 1035 3522 Dominum
1059 3470 1204 3539 nostrum,
1228 3469 1337 3522 natum
1359 3467 1390 3522 et

179 3580 306 3637 passum.
349 3560 555 3638 coacescant
568 3560 707 3636 patriai:
728 3560 831 3619 Credo,
876 3562 975 3620 Tertio
988 3562 1143 3637 iraterroyet
1156 3560 1319 3621 Sacerdos:
1338 3559 1389 3632 N„

179 3658 283 3717 Credis
297 3663 328 3716 et
340 3659 373 3715 in
387 3658 533 3734 Spiritum
548 3658 691 3716 Sanctum
699 3677 708 3731 3
731 3663 864 3716 sanctam
878 3659 1039 3718 Ecclesiam
1055 3659 1257 3732 Catholicam3
1279 3662 1391 3718 sancto-

178 3777 247 3815 rum
260 3756 496 3815 communionem
507 3777 517 3830 ;
536 3756 739 3815 remissionem
752 3762 959 3832 peccatorum3
979 3758 1076 3815 carnis
1090 3756 1347 3830 resurrectionem,
1360 3762 1391 3814 et

178 3854 273 3913 vitam
283 3859 425 3911 aeternam
438 3858 505 3930 post
519 3858 653 3910 mortem.
691 3852 830 3912 Paterni:
851 3852 954 3911 Oredo.
987 3855 1071 3912 Tarra
1084 3853 1241 3929 interropet
1250 3851 1391 3912 Sacerdos

176 3972 283 4011 ramea
301 3949 437 4026 insontis,
456 3950 574 4009 diceas:
605 3947 657 4022 N„
678 3949 759 4018 Quid
778 3948 864 4025 petis.
906 3949 1051 4011 Patriae':
1073 3950 1272 4028 Baptismum.
1314 3949 1390 4010 Item

176 4051 332 4128 iateaoyet
345 4050 508 4110 Sacerdos:
535 4047 571 4106 N
570 4092 589 4123 .,
603 4047 662 4106 Vis
676 4047 829 4125 baptizari.
873 4047 1015 4110 Patriae:
1035 4048 1123 4108 Volo.

237 4208 251 4235 ⁹
266 4211 338 4257 York
348 4210 397 4257 and
407 4207 503 4266 Bodley
512 4202 728 4253 mss-“Parce
735 4209 856 4264 carpetra
865 4205 902 4254 rel
911 4209 1041 4254 commatre
1048 4208 1142 4254 tenente
1147 4218 1266 4265 proram,
1274 4200 1390 4253 &mdo

176 4281 309 4339 irrterroaet
319 4295 405 4328 norrea
416 4280 500 4339 pueri,
512 4283 534 4325 et
544 4278 629 4325 dicat:
643 4275 812 4324 Abrenunties
822 4277 944 4337 Satanae,”
954 4283 976 4326 et
985 4283 1068 4326 cetera.

236 4363 250 4422 †
265 4361 336 4408 York
346 4362 400 4408 MS.
412 4360 472 4408 adds
481 4360 507 4406 in
518 4359 577 4406 each
587 4371 640 4404 caso
651 4358 678 4403 in
688 4359 739 4406 this
749 4360 886 4422 paragraph
895 4362 910 4390 “
917 4366 938 4409 a
947 4358 1073 4408 „sarira”
