2850 4800
580 659 780 717 --ui-ma
813 673 926 718 me-a
968 661 1093 719 tur-ba
1120 696 1131 704 -
1159 668 1193 720 ta
1246 670 1291 722 est

112 825 1322 972 m

160 986 211 1044 vel
230 1019 241 1030 -
261 1019 271 1030 -
291 985 345 1044 de:
366 985 418 1043 sed
445 991 489 1057 tu,
520 986 705 1057 Do-mine,
736 1005 835 1042 sucu
853 1005 969 1044 eur-re
1111 1007 1127 1044 e
1155 1021 1166 1030 -
1196 988 1216 1045 i.

111 1110 810 1321 Q

172 1337 260 1395 Dum
339 1357 375 1395 ve
394 1357 456 1395 -ne
485 1371 496 1380 -
523 1337 571 1394 ris

171 1465 271 1529 Lectio
285 1467 391 1542 quinta
404 1466 422 1545 (
422 1466 447 1523 J
447 1467 480 1525 ob
494 1467 551 1524 xiv.
553 1471 571 1545 )

170 1563 275 1621 Homo
302 1568 391 1621 natus
418 1563 456 1621 de
482 1562 615 1635 muliere,
644 1561 729 1621 brevi
757 1562 861 1620 vivens
888 1568 1028 1640 tempore,
1057 1563 1190 1640 repletur
1216 1566 1320 1624 multis

108 1660 248 1721 miseriis.
291 1661 352 1731 Qui
370 1660 457 1738 quasi
478 1660 531 1718 flos
552 1658 713 1738 egreditur,
728 1666 759 1718 et
781 1659 955 1733 conteritur,
970 1667 1001 1718 et
1014 1659 1092 1737 fugis
1106 1660 1191 1720 velut
1205 1662 1319 1735 umbra,

106 1763 140 1817 et
151 1777 320 1835 numquam
333 1758 366 1816 in
379 1758 482 1816 eodem
495 1764 577 1817 statu
593 1763 754 1836 permanet.
798 1757 839 1814 Et
857 1757 981 1835 dignum
1004 1758 1087 1816 ducis
1108 1779 1199 1838 super
1219 1761 1320 1838 hujus⁴

107 1855 225 1915 semodi
246 1855 359 1932 aperire
377 1856 477 1915 oculos
490 1865 566 1930 tuos,
582 1862 612 1914 et
626 1856 771 1914 adducere
784 1875 852 1914 eum
866 1862 964 1915 tecum
986 1858 1018 1914 in
1035 1858 1204 1934 judicium?
1245 1860 1320 1931 Quis

107 1958 209 2030 potest
222 1953 317 2012 faeere
330 1955 476 2012 mundum
490 1954 527 2012 de
541 1954 696 2013 immundo
717 1961 891 2032 conceptum
913 1956 1044 2014 semmei
1085 1957 1195 2017 Nonne
1209 1966 1253 2031 tu,
1267 1959 1321 2035 qui

107 2051 191 2111 solus
203 2053 255 2110 esi
293 2052 407 2110 ‘Breues
421 2053 484 2111 dies
498 2052 627 2110 hominis
637 2058 717 2126 sunt,
729 2051 871 2111 numerus
884 2055 1031 2112 mensium
1041 2056 1105 2131 ejus
1118 2056 1198 2132 apud
1212 2062 1242 2115 te
1256 2062 1318 2116 esta

107 2149 294 2208 eonstituisti
307 2149 451 2208 terminos
460 2151 533 2226 ejus,
544 2149 598 2226 qui
608 2150 756 2227 praeteriri
765 2170 827 2209 non
840 2157 990 2227 poterunt.
1033 2151 1151 2210 Recede
1164 2151 1319 2229 paululum

108 2249 146 2307 ab
160 2267 205 2320 eo,
221 2254 256 2305 ut
270 2248 411 2325 quiescat,
426 2249 518 2306 donee
532 2254 636 2326 optata
649 2249 761 2321 veniat,
777 2250 856 2308 sicut
869 2250 1043 2308 mercenarii
1057 2250 1120 2308 dies
1134 2251 1205 2326 ejus.

169 2378 406 2453 Responsorium.

195 2697 244 2753 Ne
274 2698 485 2753 re-cor-de
521 2698 649 2754 --ris
690 2706 875 2774 pec-ca—tu
931 2720 1054 2769 meai,
1099 2700 1146 2755 Do
1177 2736 1186 2742 -
1219 2733 1272 2742 -·

637 3026 719 3081 Dum
751 3046 864 3081 ve-ne
900 3061 908 3068 -
943 3062 952 3068 -
983 3026 1024 3083 ris
1069 3028 1185 3101 ju-di
1207 3047 1295 3085 -ca-

605 3402 643 3438 sae
725 3403 822 3439 -cu
813 3381 894 3437 -lum
925 3401 978 3457 per

144 3725 221 3762 nem.
328 3707 399 3762 Di·
417 3707 471 3762 ri·
489 3727 533 3782 ge,
729 3707 804 3763 Do·
823 3707 912 3762 -mi-
923 3727 960 3762 ne
1007 3708 1081 3762 De·
1099 3727 1134 3762 us
1195 3726 1273 3762 me

104 3866 1316 4042 :et—{w

160 4078 204 4128 us,
246 4060 278 4114 in
307 4066 501 4134 eon-speetu
535 4066 625 4116 tii-0
726 4059 757 4115 vi
782 4080 863 4115 -am
923 4079 970 4115 me
1022 4093 1031 4100 -
1082 4092 1090 4098 -
1145 4092 1155 4098 -
1255 4100 1261 4114 .

105 4227 587 4360 Q

134 4389 217 4445 Dum
244 4407 357 4444 ve-ne
386 4419 398 4428 -
427 4420 437 4428 -
467 4387 516 4443 ris.
