2850 4800
37 317 38 320 ,
143 204 185 325 88
516 256 691 344 Eaccqaica
711 255 963 343 Defenderam.

201 443 253 500 Ad
280 443 443 520 alligandos
469 463 551 519 reges
578 461 680 500 eorum
706 441 739 499 in
766 439 962 518 compedibus,
986 446 1017 496 et
1040 438 1154 498 nobiles
1180 457 1284 497 corum
1308 439 1342 498 in

141 540 265 598 manicis
278 540 387 598 ferreis,
1360 540 1364 547 '

203 638 251 696 Ut
272 637 383 695 faciant
405 638 438 694 in
462 638 505 695 eis
521 636 669 713 judicium
693 635 910 711 conscriptum:
938 633 1033 712 gloria
1052 633 1115 692 baec
1135 639 1181 691 est
1202 633 1342 692 omnibus

142 735 258 793 Sanctis
271 735 343 811 ejus.

201 841 359 918 (Paulinus
373 841 428 918 ci.)

201 938 334 994 Laudato
355 937 519 994 Dominum
539 936 571 993 in
593 935 702 994 sanctis
716 935 796 1011 ejus:
817 934 936 992 laudate
950 954 1018 992 eum
1031 934 1065 990 in
1082 933 1270 990 firmamento
1285 931 1344 1005 vic.

140 1034 216 1092 tutis
230 1036 300 1110 ejus.
1036 1021 1038 1026 ⁵
1302 1026 1308 1033 ’

200 1135 334 1192 Laudato
360 1154 429 1191 eum
455 1134 489 1190 in
515 1134 679 1191 virtutibus
706 1133 787 1209 ejus:
818 1133 937 1190 laudate
961 1152 1029 1190 eum
1052 1132 1213 1189 secundum
1241 1130 1343 1188 multi-

140 1233 276 1290 tudinem
289 1231 502 1308 magnitudinis
516 1231 587 1308 ejus.

200 1328 334 1385 Laudate
348 1347 416 1384 eum
428 1327 462 1383 in
475 1345 547 1384 sono
560 1327 641 1384 tubae
650 1346 659 1399 ;
679 1325 797 1385 laudate
811 1345 879 1383 eum
892 1325 926 1383 in
938 1326 1078 1403 psalterio
1092 1331 1122 1382 et
1135 1324 1257 1382 citha1a.

201 1421 335 1478 Laudato
348 1439 417 1476 eum
429 1418 463 1475 in
475 1425 619 1494 tympano
632 1424 663 1476 et
676 1418 763 1475 choro
775 1439 782 1476 ε
802 1419 922 1476 laudate
932 1439 1000 1476 eum
1010 1420 1042 1476 in
1053 1418 1170 1476 chordis
1179 1423 1210 1474 et
1221 1435 1340 1492 organo.

200 1516 334 1574 Laudate
355 1535 422 1573 eum
435 1516 468 1572 in
486 1515 628 1590 cymbalis
647 1516 915 1575 benesonantibus:
936 1516 1055 1573 laudate
1069 1534 1138 1572 eum
1151 1514 1185 1571 in
1198 1512 1342 1595 cymbalis

134 1602 342 1690 jubilationis:
364 1612 460 1669 omnis
474 1612 595 1689 spiritus
608 1613 710 1671 laudet
724 1613 896 1670 Dominum.

200 1711 347 1786 Requiem
361 1714 509 1767 aeternam.

199 1863 378 1938 Antiphone,
752 1924 755 1929 ,

137 1972 997 2130 Ξὲᾞῖ-Ξ

188 2137 320 2195 Om-nis
346 2136 417 2212 spi·
431 2136 459 2191 ri
476 2171 487 2180 -
505 2141 555 2192 tus
580 2136 712 2194 lau-det
739 2137 956 2194 Domi-num.

145 2267 175 2327 V.
200 2266 233 2324 A
245 2272 331 2343 porta
344 2265 449 2338 inferi3

139 2362 177 2421 R.
199 2363 288 2436 Erue,
304 2363 440 2435 Domine,
456 2361 568 2420 animas
583 2383 691 2422 eornm.

152 2594 155 2598 Α
199 2522 377 2599 daimberto.

886 2924 1281 2984 E-v-o-V-n-a.

202 3053 340 3112 Facimus
353 3055 371 3133 (
373 3055 531 3114 Canticum
544 3055 826 3115 Zachariae-lacae
838 3055 879 3134 i.)

202 3149 381 3211 Benedictus
405 3153 553 3211 Dominus
577 3152 659 3210 Deua
681 3153 775 3210 Israel
784 3173 794 3227 3
820 3153 891 3230 quia
912 3152 1054 3226 visitavit,
1069 3158 1100 3210 et
1120 3151 1191 3211 fecit
1210 3153 1341 3230 rodomo

141 3246 253 3305 tionem
266 3249 361 3324 plebis
374 3269 442 3309 suae.
1259 3262 1263 3269 '

202 3344 244 3401 Et
257 3346 352 3403 erexit
365 3366 457 3404 cornu
470 3345 574 3404 salutis
587 3345 680 3419 nobis,
696 3345 729 3402 in
743 3345 829 3404 domo
843 3345 943 3403 David
957 3345 1042 3420 pueri
1055 3344 1110 3402 sui.

202 3440 286 3498 Sicut
300 3441 415 3500 locutus
435 3448 479 3500 est
499 3462 552 3519 per
566 3462 597 3500 os
612 3442 796 3515 Sanctorum,
812 3442 865 3518 qui
878 3462 896 3499 a
909 3428 1019 3499 saeculo'
1028 3447 1108 3514 sunt,
1123 3440 1340 3518 Prophetarum

141 3536 212 3612 ejus.

201 3632 333 3690 Salutem
348 3653 386 3691 ex
399 3635 527 3693 inimicis
539 3636 658 3710 nostris,
673 3642 704 3694 et
717 3635 754 3694 de
767 3655 858 3694 manu
871 3635 1014 3709 omnium,
1029 3634 1083 3712 qui
1096 3635 1223 3693 oderunt
1236 3655 1299 3694 noa

199 3729 252 3788 Ad
275 3730 443 3788 faciendum
465 3732 696 3790 misericordiam
719 3752 787 3791 cum
812 3733 946 3810 patribus
969 3732 1096 3790 nostris:
1125 3739 1156 3790 et
1184 3732 1341 3790 memorari

123 3854 126 3859 ·
139 3828 313 3886 testamenti
326 3829 372 3885 sui
386 3829 488 3886 saneti.

199 3925 427 4001 Jusjurandum,
443 3924 522 4000 quod
538 3924 654 4002 juravit
667 3923 705 3982 ad
718 3924 873 3983 Abraham
894 3931 1010 4002 patrem
1024 3930 1180 3983 nostrum:
1201 3925 1342 3983 daturum

140 4038 171 4076 sc
183 4022 276 4079 nobis.

199 4117 248 4177 Ut
260 4119 324 4178 sine
343 4119 451 4178 timore
470 4120 508 4178 do
528 4139 619 4178 manu
638 4119 826 4179 inimicorum
846 4126 1016 4179 nostrorum
1035 4120 1163 4194 liberati,
1178 4120 1341 4179 serviamus

199 4308 237 4368 In
250 4313 408 4372 sanctitate
422 4319 453 4372 et
463 4314 584 4391 justitia
597 4333 695 4374 coram
707 4314 780 4392 ipso,
794 4314 931 4374 omnibus
944 4314 1050 4373 diebus
1062 4314 1181 4375 nostris.
