2850 4800
180 314 244 380 nc
546 309 702 377 scroto
715 307 1013 405 coenosos.

239 492 367 661 gibbodi,
399 606 575 665 quesumus,
607 587 745 660 Domine,
771 587 889 666 plebem
913 593 1007 664 tunm,
1034 594 1066 649 et
1099 610 1168 669 quse
1202 592 1386 657 extrinsecus

179 709 280 750 onnus
291 687 401 746 tribuis
414 685 569 745 devotione
582 686 717 745 venerari
735 685 769 744 in
788 685 887 761 terris,
901 687 1020 767 assequi
1031 688 1137 768 gretie
1156 694 1221 751 tuoe
1238 692 1309 753 luoe
1321 682 1383 769 φ’ῃ.

180 789 259 850 cede.
299 786 359 845 Por
371 784 537 845 Dominum
549 790 693 844 nostrum.

401 1031 442 1090 Iu
461 1029 726 1089 Arrurrmrrorr
745 1044 853 1089 nmrn
873 1029 1001 1105 Mirm,
1021 1047 1172 1093 vrsonrrs.

241 1187 283 1248 Io
295 1188 376 1247 scitu
387 1187 623 1264 responsorem.

242 1285 356 1344 Christi
365 1285 449 1362 virgo
462 1284 660 1357 dilectissimo,
672 1282 822 1342 virtutum
835 1283 994 1360 operatrix,
1006 1304 1092 1363 opem
1099 1286 1146 1345 for
1157 1286 1277 1347 miseris
1283 1307 1294 1363 3
1313 1287 1378 1349 Sub

180 1382 259 1456 veni,
274 1382 413 1457 Domina,
434 1382 631 1440 clamantibus
647 1381 686 1439 od
703 1387 735 1440 te
753 1381 876 1460 jugiter.
922 1382 1072 1452 Quoniam
1093 1388 1286 1460 peccatorum
1308 1383 1377 1443 molo

180 1479 352 1556 premimur,
366 1485 397 1537 et
409 1497 470 1536 non
480 1484 525 1537 est
538 1478 592 1555 qui
604 1478 739 1555 adjuvet.
781 1478 922 1538 subveni.

242 1576 346 1636 Gloria
359 1575 445 1635 Petri
458 1582 489 1635 et
503 1576 580 1634 Filio
593 1581 624 1635 et
637 1576 765 1653 Spiritui
778 1576 895 1636 Sancto.
937 1576 1078 1637 Subveni.

241 1674 293 1732 Ad
304 1674 460 1733 iotroitwn
473 1675 584 1737 dicto
595 1673 833 1752 Bospooooorioon.
883 1717 885 1722 -

243 1771 397 1841 Quomodo
410 1771 462 1829 fiet
475 1771 560 1845 illud,
573 1772 725 1848 rospondit
737 1771 846 1846 Maria,
861 1771 1010 1841 Quoniam
1028 1769 1129 1829 virum
1141 1789 1205 1829 non
1224 1771 1379 1850 cognoscol

181 1867 317 1945 Angelus
330 1868 368 1925 od
380 1867 443 1927 haec
455 1889 463 1927 :
484 1868 613 1945 Spiritus
626 1868 753 1928 Sanctus
766 1858 955 1946 superveniet
966 1867 1000 1926 in
1012 1872 1053 1943 te,
1063 1866 1106 1926 Et
1117 1866 1219 1927 virtus
1228 1866 1375 1929 Altissimi

181 1965 369 2025 obumbrabit
383 1966 447 2041 tibi,
463 1966 598 2043 alleluya.

187 2061 217 2125 V.
241 2062 313 2121 Ideo
334 2063 414 2140 quod
435 2069 573 2123 nascetur
594 2083 633 2122 ex
653 2069 685 2122 te
706 2068 843 2122 sonetum
864 2062 1020 2123 vocabitur
1037 2061 1133 2121 Filius
1149 2061 1207 2122 dei.
1250 2062 1376 2142 Spiritus

183 2159 316 2221 Sanctus

243 2258 346 2315 Gloria
359 2257 445 2315 Patri
455 2263 486 2316 et
499 2257 577 2316 Filio
590 2263 621 2316 et
636 2257 763 2335 Spiritui
776 2257 893 2317 Sancto.
936 2257 979 2315 Et
990 2255 1096 2316 virtus.

186 2355 217 2417 V.
232 2355 423 2434 (cacodotol'
435 2355 462 2434 )
504 2355 583 2430 Ave,
598 2355 696 2414 Maris
708 2357 805 2436 grstia
818 2355 914 2433 plene,
930 2354 1078 2415 Dominus
1089 2360 1198 2415 tecum.

243 2453 353 2515 Oratio.

242 2552 333 2628 Deus,
349 2551 402 2630 qui
414 2552 553 2611 debestoe
567 2551 672 2610 Mariae
685 2551 810 2628 virginis
823 2556 909 2611 utero
922 2551 1059 2611 Verbum
1073 2556 1169 2626 tuum,
1186 2552 1297 2629 angelo
1309 2570 1383 2611 nun·

182 2650 284 2723 tionis,
300 2670 418 2709 curnem
437 2651 584 2728 suscipere
604 2649 748 2722 voluisti3
767 2656 876 2727 presto
897 2650 1079 2728 supplicibus
1099 2649 1170 2722 tuis,
1184 2655 1221 2709 ut
1238 2649 1294 2728 qui
1310 2669 1376 2711 vere

181 2769 247 2808 eom
260 2749 318 2808 Dei
330 2749 509 2825 genetricem
522 2748 676 2821 credimur,
692 2749 755 2825 ejus
772 2748 852 2825 apud
871 2754 903 2807 te
922 2747 1182 2808 intercessionibus
1194 2748 1379 2827 adjuvemur.

181 2846 241 2905 Per
254 2847 388 2908 eundem

533 3023 574 3083 ΙΝ
594 3023 693 3082 Frsro
713 3038 819 3082 esrom
839 3023 1015 3085 Wnrnrur.

241 3185 284 3245 Io
296 3185 376 3247 coitu
390 3185 485 3249 Obori.
517 3189 697 3265 Antiphone.

544 3287 571 3345 0
585 3287 746 3359 Willelme,
761 3291 861 3363 pastor
873 3286 959 3361 bono,

545 3382 625 3440 Cleri
637 3388 722 3459 pater
734 3388 766 3440 et
777 3388 902 3459 patrone

546 3478 665 3550 Mundi,
680 3477 766 3535 nobis
778 3478 812 3535 in
825 3496 919 3554 egone

545 3572 654 3631 Oonfer
666 3593 760 3651 opem,
775 3579 807 3631 et
819 3573 932 3650 depone

544 3671 626 3729 Vitae
640 3672 748 3744 sordes,
763 3676 794 3730 et
807 3690 922 3730 coronoo

585 3767 717 3825 Oaelestis
731 3767 768 3825 ds
781 3766 896 3844 gaudis

186 3861 216 3923 V.
232 3863 459 3951 (sacerdototii).
503 3864 564 3921 Oro
581 3882 635 3940 pro
648 3864 743 3936 nobis,
757 3865 843 3922 beate
856 3862 1016 3922 Willelmo.

243 3960 329 4019 Orot'
346 4004 353 4018 .

242 3981 401 4136 DeusYqui
413 4076 468 4116 nos
480 4058 562 4116 boati
574 4056 722 4115 Willelmi
741 4057 913 4116 confessoris
931 4056 980 4116 tui
1000 4061 1090 4135 etque
1102 4056 1255 4135 pontificis
1269 4059 1383 4120 meritis

180 4163 212 4214 et
224 4154 432 4216 intercessione
445 4157 576 4215 laetificos
589 4175 599 4228 ;
621 4154 746 4213 concede
765 4156 920 4232 propitius,
934 4154 1037 4233 utqui
1052 4157 1117 4235 ejus
1128 4157 1276 4219 beneficia
1293 4156 1384 4237 posci·

181 4272 257 4330 mus,
272 4255 350 4314 dono
370 4263 431 4314 tuoe
443 4255 547 4335 gratioe
561 4273 780 4331 consequemur.
823 4254 883 4312 Per
896 4253 1059 4314 Christum
1139 4270 1142 4275 '

243 4351 294 4412 Aa
304 4353 460 4415 introitus
474 4352 573 4428 otoo,
588 4361 623 4411 ot
635 4372 727 4429 sopra
739 4359 868 4411 rwtolur.
