2850 4800
160 266 201 330 26
489 263 578 332 Ordo
600 261 648 331 ad
662 262 829 349 sananda
849 263 1045 352 Spomatia.

159 444 275 518 occidte,
295 445 346 503 sed
362 465 460 504 coram
472 443 600 522 puhlicis
617 451 643 503 et
656 443 781 503 honestis
788 445 924 522 personis
941 446 983 505 ad
999 445 1051 505 100
1069 446 1243 507 constitutis.
1293 446 1378 519 aaa

159 543 227 618 qais
240 542 329 600 etiam
341 541 482 601 Sacerdos
496 543 554 601 sice
568 542 719 601 sacularis
736 543 795 602 sice
814 543 961 618 reputaris
981 532 1117 618 estiterit,
1131 542 1381 620 0000100000»

159 636 267 698 tionem
280 638 466 697 matrimonii
479 648 561 698 entra
580 638 740 697 Ecclesiam
755 639 905 715 parochia
924 639 969 698 ccl
984 639 1126 717 capelhzm
1139 639 1379 717 hohentanjara

154 732 304 811 parochia
329 734 386 793 sihi
414 733 604 811 competentia
629 734 665 793 oh
694 733 826 810 antiqno,
860 734 966 812 absque
993 736 1143 796 diocesani
1170 736 1228 796 loci
1256 736 1379 797 licentia
1413 742 1418 749 ‘

158 829 320 907 spirituali,
335 833 472 891 celebrare
480 833 703 910 praesumpserit
716 842 770 890 ant
787 833 970 893 celebrationi
989 828 1133 907 interesse,
1146 834 1305 912 ipsofocto
1319 853 1377 912 per

159 947 276 987 annam
289 929 437 1004 intepram
451 931 486 989 ab
500 930 592 1006 officio
606 939 647 989 est
660 949 825 1006 snspensas.

219 1052 326 1111 Postea
335 1052 476 1112 Sacerdos
486 1054 566 1113 dicat
580 1055 622 1112 ad
633 1053 732 1112 ninom
745 1054 857 1112 canetis
870 1053 1061 1114 andientibns
1073 1055 1109 1114 in
1122 1055 1228 1132 linpaa
1241 1064 1377 1116 acarna

159 1147 212 1210 sab
226 1148 393 1225 lcacforma
405 1174 415 1210 .·

220 1255 272 1327 N,
286 1256 345 1313 Vis
358 1256 557 1315 haberehunc
576 1257 733 1315 mulierem
746 1256 779 1314 in
792 1275 930 1332 sponsam
943 1263 975 1317 et
988 1277 1054 1316 eam
1068 1258 1203 1336 diiigere,
1216 1258 1376 1333 honorare,

157 1358 260 1410 tencre
274 1359 305 1410 et
326 1354 481 1428 custodire,
502 1374 605 1412 sanam
625 1361 656 1412 et
675 1354 836 1428 infirmam,
858 1355 937 1413 sicut
957 1375 1084 1432 sponsus
1104 1354 1195 1413 debet
1214 1360 1375 1432 sponsam:

159 1456 190 1508 et
203 1469 306 1508 omnes
326 1452 399 1510 alias
413 1459 535 1530 propter
555 1472 621 1511 cam
634 1453 795 1528 dimittere,
810 1457 841 1510 et
854 1453 902 1510 illi
915 1453 972 1512 soli
985 1452 1136 1512 adhaerere
1150 1453 1297 1530 quamdiu
1310 1452 1376 1513 visa

159 1547 318 1623 utriusque
332 1555 467 1607 vestrum
481 1550 643 1609 duraverit.

220 1662 405 1737 Respondeat
418 1664 465 1721 eir
476 1688 486 1724 :
506 1664 594 1724 Vale.

219 1778 264 1838 *I
262 1791 356 1840 teram
369 1783 403 1841 in
416 1782 523 1859 iinpna
536 1793 671 1844 materna
685 1786 725 1844 ad
738 1784 839 1844 ciram
852 1785 905 1844 hoo
918 1785 1025 1844 modo:

220 1886 273 1959 N,
294 1887 383 1964 Wylt
405 1889 481 1946 thou
506 1889 582 1948 haue
606 1890 667 1947 this
691 1910 808 1948 woman
820 1896 854 1949 10
874 1891 931 1967 thy
953 1889 1032 1967 wyse
1052 1889 1111 1948 and
1135 1889 1204 1948 loue
1224 1889 1280 1948 her
1302 1887 1375 1970 [and

159 1983 315 2061 wirschipe
335 1985 419 2043 hir-
427 1985 600 2063 Cambridpe
613 1985 695 2067 MS]
710 1988 770 2046 and
784 1988 861 2065 keep
874 1988 936 2061 her,
951 1987 986 2045 in
1006 1987 1116 2064 syknes
1132 1988 1193 2045 and
1207 1987 1242 2044 in
1261 1986 1373 2059 helthe,

160 2082 219 2139 and
238 2083 272 2139 in
285 2082 326 2140 all
340 2084 427 2142 other
446 2072 565 2162 degisse
579 2086 615 2142 be
633 2092 666 2143 to
686 2085 740 2144 her
761 2105 792 2144 as
811 2105 829 2144 a
846 2085 1001 2144 husbande
1014 2085 1117 2144 sholde
1129 2085 1168 2142 be
1177 2090 1211 2142 10
1225 2084 1273 2142 his
1286 2085 1372 2161 wyse,

160 2179 220 2236 and
229 2179 270 2236 all
281 2180 367 2238 other
376 2181 493 2239 forsake
503 2182 549 2239 for
561 2182 623 2256 her,
634 2182 694 2240 and
708 2182 797 2240 hoide
810 2183 862 2242 the
876 2183 947 2260 only
961 2188 993 2241 10
1006 2183 1060 2240 her
1072 2186 1106 2240 10
1119 2181 1175 2258 thy
1188 2181 1275 2257 lyues
1289 2180 1372 2239 ende.

221 2284 404 2362 Respondeay
416 2288 464 2346 cir
476 2286 529 2346 hcc
541 2288 646 2346 modo:
672 2286 690 2343 I
704 2287 804 2362 wylle

219 2408 335 2469 Iternm
348 2410 488 2471 Sacerdos
501 2411 580 2470 dicat
594 2411 635 2469 ad
648 2409 798 2469 mutierem
812 2410 866 2470 snb
879 2410 934 2467 icae
939 2409 1047 2484 forma
1058 2432 1067 2469 :

219 2513 271 2585 N,
291 2515 350 2572 Vis
363 2515 472 2573 habere
492 2515 572 2574 hunc
591 2515 690 2572 virum
704 2514 737 2571 in
750 2532 899 2590 sponsum,
915 2518 947 2571 et
959 2512 1007 2570 illi
1020 2511 1140 2570 obedire
1157 2516 1189 2570 et
1207 2511 1330 2584 servire,
1343 2516 1373 2570 et

159 2628 228 2666 eum
247 2611 370 2688 diligere
384 2618 415 2669 ct
432 2612 577 2671 honorare
595 2633 629 2670 00
646 2611 795 2670 custodire
813 2630 919 2669 sanum
940 2615 971 2668 et
990 2609 1153 2685 infirmum,
1168 2608 1248 2667 sicut
1266 2627 1373 2686 sponsa

158 2705 246 2763 debet
269 2726 420 2782 sponsum,
444 2715 476 2766 et
498 2729 601 2767 omnes
625 2709 700 2766 alios
726 2713 848 2784 propter
871 2708 971 2784 ipsum
994 2706 1158 2778 dimittere,
1187 2711 1220 2764 01
1242 2704 1291 2763 illi
1317 2703 1372 2764 soli

158 2802 315 2875 adhaerere,
330 2805 474 2880 quamdiu
488 2806 553 2863 vita
566 2807 725 2882 utriusque
738 2811 874 2863 vestrum
889 2805 1053 2864 duraverit.

220 2912 404 2988 Respondeat
417 2916 524 2974 mulier
536 2940 545 2976 :
565 2917 654 2975 Volo.

218 3030 258 3090 '²²‘I
257 3042 350 3092 teram
364 3035 398 3092 in
412 3034 516 3110 iinpaa
530 3044 664 3094 materna
678 3037 719 3094 ad
730 3036 881 3095 mniierem
894 3035 947 3094 leoc
960 3035 1065 3095 modo:

222 3145 262 3204 N.
266 3190 274 3219 ,
289 3146 378 3223 Wylt
394 3147 468 3205 thou
480 3147 558 3206 haue
571 3148 633 3205 this
646 3168 716 3205 man
729 3154 762 3207 to
775 3149 832 3224 thy
845 3148 1008 3221 husbande,
1031 3147 1091 3205 and
1111 3154 1144 3205 10
1158 3147 1196 3204 10
1209 3148 1327 3205 buxum
1339 3152 1372 3204 10

158 3241 239 3319 hym,
261 3241 322 3323 [lus
339 3245 419 3321 hym,
442 3246 534 3323 obeye
557 3251 589 3303 to
611 3246 684 3318 him,
706 3245 766 3303 and
787 3245 943 3322 wirschipe
971 3243 1260 3321 hym-Sambridpe
1280 3240 1371 3323 MS.],

158 3358 243 3397 seruc
263 3341 336 3416 hym
350 3342 410 3399 and
427 3342 503 3418 kepe
523 3342 596 3419 hym
613 3342 647 3398 in
667 3341 793 3417 sykenes
815 3341 874 3399 and
894 3342 927 3398 in
948 3341 1068 3399 helthe:
1089 3341 1149 3398 and
1168 3340 1203 3399 in
1219 3339 1262 3398 all
1286 3339 1372 3397 other

157 3436 277 3516 degrese
294 3440 331 3497 be
344 3446 419 3497 unte
433 3440 497 3496 him
511 3459 543 3498 as
557 3460 575 3498 a
588 3439 666 3516 wyse
686 3439 792 3497 shulde
805 3440 842 3497 be
856 3444 888 3498 10
908 3439 959 3497 hir
972 3438 1136 3511 husbande,
1150 3437 1212 3497 and
1224 3438 1267 3497 011
1287 3438 1373 3496 other

156 3541 190 3595 to
203 3537 320 3596 forsakc
335 3539 381 3595 for
393 3539 475 3616 hym,
490 3538 550 3596 and
563 3538 652 3596 holde
665 3536 718 3595 the
732 3536 803 3613 only
815 3543 849 3595 10
862 3538 934 3614 hym
948 3542 981 3596 10
994 3536 1051 3613 thy
1063 3537 1149 3613 lyues
1163 3536 1249 3595 ende.

216 3649 400 3728 Respondeat
413 3653 448 3712 in
461 3653 569 3711 maiier
582 3652 633 3711 leco
648 3652 733 3710 modo
743 3674 753 3710 .·
774 3650 792 3707 I
806 3648 906 3727 wyll.*

218 3763 333 3825 Deinde
346 3766 488 3827 Sacerdos
501 3787 511 3825 .·
532 3766 615 3823 Who
628 3784 721 3843 gyues
734 3783 783 3823 me
794 3763 858 3822 this
871 3763 957 3840 wyfe.

217 3892 331 3952 Deinde
355 3894 442 3952 detor
456 3893 577 3968 semina
599 3911 619 3951 a
638 3900 727 3968 patre
749 3910 803 3950 sao
826 3889 872 3950 rel
883 3890 920 3949 ab
940 3889 1036 3948 amico
1046 3909 1059 3959 ;
1080 3907 1147 3965 qna
1166 3887 1194 3945 si
1207 3885 1315 3964 paeda
1335 3887 1373 3946 sit

156 3990 365 4067 discoopertam
388 3989 491 4049 habeat
511 4009 636 4048 monam
646 4010 659 4060 ;
687 3988 824 4048 siridaa
842 3995 953 4047 tectam.
1012 3985 1110 4057 Quam
1126 3985 1175 4042 air
1193 3984 1320 4061 recipiat
1338 3983 1372 4045 in

157 4086 215 4147 Dei
220 4090 284 4163 fide
297 4098 324 4149 et
337 4107 393 4148 sna
406 4085 588 4158 concordam,
604 4086 679 4145 eiciet
698 4085 775 4144 vonit
789 4105 886 4144 coram
900 4083 1053 4144 Sacerdote
1062 4104 1076 4154 ,⁴
1096 4089 1123 4143 et
1137 4088 1232 4141 teneat
1244 4099 1311 4140 0000
1318 4098 1372 4157 per

217 4274 230 4297 ⁸
247 4272 328 4390 Tthhoe
337 4273 486 4335 paragraphs
496 4285 537 4320 ere
547 4271 648 4320 omitted
657 4271 685 4317 in
695 4272 736 4318 the
746 4271 830 4331 MSS,
839 4271 883 4319 but
892 4271 919 4318 in
929 4271 971 4318 the
982 4269 1128 4328 Cambridge
1138 4267 1193 4316 118.
1203 4280 1245 4316 cre
1255 4267 1370 4327 0100000

157 4353 189 4388 au
199 4341 264 4389 inser
315 4344 369 4405 stip.
