2850 4800
59 416 60 420 Ἰ
173 321 236 390 178
641 318 690 384 Iu
704 317 760 384 dia
774 318 919 386 Paralia.
1022 278 1027 285 Ι

169 500 357 575 Dominum3
387 510 414 561 et
428 509 568 577 sequntur
579 519 655 577 posto
671 500 726 559 illa
747 509 839 560 totum
855 521 970 562 oeream
988 521 1079 580 arque
1101 505 1137 564 iu
1152 508 1256 582 finem.
1280 507 1389 570 Finito

167 617 233 657 vero
253 617 345 671 vernt,
366 601 486 658 iteretur
499 597 537 656 ab
552 597 615 656 alra
626 607 714 674 porte
730 596 826 672 Oiai,
840 599 991 678 Alleluya,
1008 601 1146 680 alleluya,
1160 602 1302 682 alleluya.
1345 605 1388 666 It’t

167 695 210 754 aio
222 695 316 755 altera
328 717 405 772 pare
417 704 452 754 ut
460 697 549 772 prius
562 695 643 754 duat
650 716 663 766 ;
687 704 714 754 et
723 696 836 772 aiaqrtli
847 717 946 757 oerum
958 698 1147 760 modulentur
1159 700 1197 760 ab
1210 701 1278 762 alia
1285 712 1386 782 porto,

167 811 228 868 qua
240 793 437 870 incipiebatur
449 791 598 865 Prolatus,
612 800 639 851 et
652 791 687 851 ab
701 791 794 851 ultera
801 803 890 870 parte
902 803 1056 871 repetatur.
1173 786 1178 801 '

229 918 412 996 Autiploua.

168 1008 1212 1179 {Q

241 1185 362 1244 Al-le
385 1220 396 1230 -
419 1186 552 1264 lu-ya,
587 1185 843 1262 al·le-lu·ya,
878 1185 908 1243 al
931 1185 1151 1265 -le·lu-ya

207 1595 381 1654 Lau-date
409 1616 471 1672 pu·
485 1596 559 1653 e-ri
589 1595 802 1653 Do·mi-uum:
822 1594 989 1654 lau-da-te
1008 1614 1130 1654 namen
1147 1595 1319 1658 Do·mi·ni.

130 1900 133 1905 ,
167 1747 1212 1919 Q

240 1925 543 2002 Al-le·lu-ya,
579 1926 845 2003 al-le-lu-ya,
879 1925 909 1984 al
934 1926 1144 2006 -le-lu-ya

228 2091 276 2149 Sit
305 2108 415 2148 nomen
441 2087 567 2147 Domini
589 2081 798 2148 benedictum:
832 2094 863 2146 et
886 2095 1019 2147 nuncet
1048 2082 1142 2167 usque
1170 2091 1204 2149 iu
1225 2091 1374 2167 aeneidum,

167 2189 303 2265 alleluya.
1094 2172 1097 2177 ⁴

227 2286 259 2343 A
272 2284 341 2344 eolis
355 2288 424 2342 ortu
437 2301 531 2359 usque
544 2283 583 2340 ad
596 2301 748 2341 oceasum:
769 2281 918 2340 laudabile
928 2301 1037 2341 nomen
1050 2282 1183 2358 Domini,
1196 2284 1334 2364 alleluya

228 2380 370 2440 Exaelaus
390 2398 479 2456 super
491 2397 593 2436 omnes
612 2382 716 2455 gentes
736 2377 905 2437 Dominus:
926 2383 958 2436 et
977 2397 1066 2456 super
1086 2379 1170 2438 caelos
1188 2380 1286 2459 gloria
1303 2384 1375 2461 ejus,

167 2479 304 2645 anelliiis·
324 2572 401 2631 siout
415 2570 564 2629 Dominus
584 2571 666 2628 Deus
686 2575 795 2644 noster,
810 2569 909 2648 quiin
929 2569 998 2630 altis
1015 2571 1152 2631 habitat:
1172 2571 1301 2634 humilia
1320 2594 1378 2636 raa-

167 2671 241 2750 pioit
253 2672 286 2728 in
299 2671 369 2728 aaelo
383 2669 461 2727 etin
473 2675 562 2741 terra,
576 2667 710 2744 alleluya.

166 2868 317 2943 Alleluya,
333 2887 389 2943 per
407 2875 545 2926 rectorem
564 2865 632 2923 atta
650 2865 751 2942 partia
770 2865 821 2924 ubi
842 2864 954 2925 Oltoraa
973 2866 1084 2942 royitur
1103 2867 1197 2928 alioui
1215 2869 1327 2948 mojori
1345 2892 1379 2933 ea

171 2949 225 3005 illa
263 2956 332 3005 arte.

229 2968 410 3102 lutiplioua.
453 3025 605 3102 Alleluya,
616 3025 752 3101 alleluya,
767 3025 903 3103 alleluya

229 3107 375 3165 Psalmua
412 3105 451 3163 In
465 3108 549 3163 exitu
559 3106 651 3164 Israel
663 3106 699 3164 de
713 3107 839 3183 Egypto,
851 3107 956 3165 domus
968 3107 1063 3167 Jacob
1073 3107 1111 3167 de
1120 3109 1230 3187 populo
1240 3112 1377 3187 barbaro,

168 3196 195 3248 et
208 3188 248 3247 aio
263 3196 340 3245 totua
353 3186 493 3243 Prolatus
500 3194 695 3261 percantatur.
741 3187 843 3258 Quare
856 3188 1011 3246 Psalmuru
1023 3197 1170 3266 utsupra.

229 3267 343 3326 Deinde
351 3274 540 3342 percontetur
549 3267 783 3344 Berpmiaorium.
826 3268 896 3327 Rex
904 3273 1011 3343 noster,
1023 3277 1050 3328 et
1063 3278 1161 3330 cetera.
1203 3271 1257 3330 Ad
1267 3271 1378 3350 Patria,

169 3359 196 3407 et
210 3358 309 3407 cetera.

175 3430 204 3490 V.
228 3427 347 3487 Omnia.
387 3426 440 3484 Ad
454 3425 560 3485 Patria
622 3472 624 3476 .

227 3509 341 3568 Deiota
355 3509 492 3585 parram
517 3507 702 3570 Voraiouliaa.
746 3509 885 3568 Surrexit
905 3509 1053 3569 Dominus
1066 3510 1104 3569 de
1116 3512 1293 3589 sepulchro:
1316 3516 1377 3589 Qui

168 3611 222 3670 pro
235 3590 322 3649 nobis
334 3589 476 3666 pependit
489 3588 522 3646 in
535 3589 624 3664 ligno.
667 3589 817 3666 Alleluya.

230 3671 341 3731 Oratio.
385 3669 467 3727 Deus
481 3670 533 3746 qui
547 3689 600 3746 pro
611 3669 705 3744 nobis,
721 3679 748 3729 et
760 3679 859 3733 cetero.

230 3753 314 3812 Taua
322 3751 532 3828 proyroiiatar
545 3749 694 3809 Prooeaaio
707 3752 749 3809 od
761 3751 854 3810 attare
867 3751 955 3813 boatu
967 3751 1077 3811 Maria
1095 3750 1227 3830 Viryiaie
1239 3775 1311 3818 otuu
1322 3757 1378 3819 ltoo

167 3833 360 3908 Antiphone:
380 3830 472 3888 Alma
485 3830 687 3907 redemptoris,
703 3839 730 3890 et
743 3840 842 3891 cataro.

172 3916 202 3976 V.
226 3914 300 3972 Post
312 3918 441 3989 partum,
452 3920 478 3968 et
489 3920 586 3969 cetera.
630 3911 690 3970 Dei
701 3913 848 3990 genetrix,
858 3912 1008 3972 intercede
1020 3933 1074 3991 pro
1086 3914 1180 3977 nobie.
1222 3915 1375 3997 Alleluya.

229 3993 340 4053 Oratio.
383 3991 517 4050 Gratiam
532 3996 623 4051 tuam.

224 4073 267 4133 Iu
280 4072 406 4132 introitu
420 4070 513 4131 Ottori
524 4071 559 4129 da
581 4071 715 4130 omuibus
734 4072 858 4132 Sanctia
901 4072 971 4131 Lux
983 4080 1127 4154 perpetua
1141 4075 1255 4137 lucebit
1267 4078 1378 4141 sanctia

166 4155 236 4229 tuis,
269 4154 406 4226 Domine,
430 4151 581 4229 alleluya:
611 4158 642 4210 et
668 4153 819 4212 aeternitas
854 4158 1032 4232 temporum,
1060 4156 1198 4234 alleluya,
1236 4158 1376 4240 alleluya,

168 4235 260 4293 allolu
280 4255 304 4294 a.
423 4233 424 4237 ’

172 4314 201 4374 V.
223 4255 296 4372 vix
308 4313 421 4372 laetitiae
435 4319 466 4371 et
478 4312 671 4372 exultationis
684 4313 717 4371 in
731 4314 930 4375 tabernaculis
939 4315 1101 4394 justorum,
1115 4317 1254 4397 alleluya.

229 4393 337 4454 Oratio.
381 4394 505 4469 Praesta,
520 4403 547 4453 et
565 4403 664 4454 cetera.
782 4449 787 4459 ,
