2850 4800
147 249 188 311 98
519 279 521 283 v
550 247 752 314 Inhumctio
774 246 944 335 Defunctt'.

143 426 219 500 labe,
240 427 272 484 in
293 427 361 486 sinu
383 428 513 486 Abrahae
537 430 717 487 Patriarchae
741 431 911 502 collocatus,'
928 430 1027 488 locum
1049 430 1123 490 lucis
1144 435 1175 489 et
1198 431 1351 508 refrigerii

145 544 176 582 ee
199 525 339 602 adeptum
363 546 424 584 esse
447 527 592 604 gaudeat}
611 533 646 585 ut
666 549 735 587 eum
759 529 861 606 magni
878 528 986 605 judicii
1010 528 1072 586 dies
1094 529 1258 603 advenerit,
1282 549 1353 588 cum

144 623 254 680 sanctis
274 630 305 680 et
318 623 419 681 electis
431 623 492 681 tuis
510 644 578 681 eum
597 625 766 683 resuscitari
781 625 894 701 jubeas.
938 624 998 683 Per
1010 625 1164 684 Ohristum
1178 626 1350 685 Dominum

145 719 309 777 nostrum.l

205 817 267 875 Hic
280 826 452 892 aspergetur
465 837 576 893 corpus,
592 827 618 876 et
631 818 803 891 incensetur,
818 827 845 877 ct
852 828 988 894 ponetur
1000 819 1035 879 ia
1047 819 1176 895 sepulcro
1191 844 1201 879 :

205 945 385 1022 Aritiphouu.

143 1041 563 1186 Q
1238 1096 1258 1156 †

206 1219 281 1276 Haec
310 1239 342 1276 re
357 1253 367 1261 -
382 1220 503 1295 qui-es.
787 1170 1353 1318 Q

872 1346 1273 1410 E-V-O-V-A-E.

204 1427 344 1485 Prolatus
358 1426 489 1504 (ccxci.)
1045 1453 1047 1456 >

205 1525 366 1595 Mement0,
380 1524 517 1595 Domine,
533 1522 642 1595 David,
657 1528 688 1579 et
701 1523 797 1580 omnis
810 1523 1046 1582 mansuetudinis
1060 1525 1141 1600 ejus:

205 1622 289 1679 Sicut
298 1623 415 1696 juravit
428 1622 567 1691 Domino,
582 1625 687 1677 votum
701 1621 786 1677 vovit
800 1621 864 1677 Deo
878 1621 992 1679 Jacob:

205 1719 238 1775 si
261 1719 404 1774 introiero
428 1717 461 1773 in
484 1717 709 1775 tabernaculum
733 1718 836 1774 domus
856 1737 938 1791 meae,
960 1717 986 1775 si
1006 1720 1163 1779 ascendero
1184 1722 1217 1778 in
1237 1722 1349 1780 lectum

145 1816 231 1873 strati
245 1816 322 1872 mei:

206 1911 238 1968 Si
252 1911 358 1969 dedero
372 1930 510 1968 somnum
524 1911 616 1969 oculis
629 1912 711 1984 meis,
726 1918 757 1969 et
770 1911 918 1989 palpebris
932 1913 1005 1970 meis
1018 1913 1277 1973 dormitationem:

206 2009 247 2066 Et
260 2009 392 2084 requiem
405 2011 589 2086 temporibus
603 2010 692 2067 meis:
714 2010 806 2067 donec
826 2010 977 2068 inveniam
997 2011 1095 2068 locum
1108 2012 1239 2069 Domino
1252 2012 1348 2071 taber-

143 2108 283 2165 naculum
298 2108 362 2164 Deo
376 2109 478 2166 Jacob.

204 2205 280 2262 Ecce
294 2204 461 2263 audivimus
474 2225 539 2263 eam
553 2205 585 2261 in
599 2204 751 2281 Ephrata:
772 2204 941 2262 invenimus
955 2224 1020 2262 eam
1033 2205 1066 2262 in
1079 2205 1190 2281 campis
1203 2205 1295 2265 silvae.

205 2303 401 2359 introibimus
415 2303 448 2360 in
461 2301 687 2360 tabernaculum
702 2302 782 2377 ejus:
803 2301 991 2360 adorabimus
1004 2303 1037 2359 in
1051 2303 1123 2375 loco,
1134 2304 1187 2360 ubi
1201 2308 1348 2361 steterunt

144 2399 232 2475 pedes
246 2402 270 2476 ej
276 2420 318 2457 ue.

205 2497 307 2573 Surge,
324 2497 461 2569 Domine,
476 2496 508 2552 in
522 2494 654 2571 requiem
667 2499 759 2567 tuam,
773 2500 809 2551 tu
823 2501 854 2552 et
866 2515 934 2553 arca
947 2495 1188 2554 sanctificationis
1202 2501 1276 2555 tuae.

206 2594 377 2652 Sacerdotes
390 2595 437 2651 tui
450 2594 616 2651 induantur
624 2593 773 2669 justitiam
787 2613 793 2649 :
815 2597 845 2649 et
859 2593 955 2651 sancti
969 2594 1014 2652 tui
1027 2595 1172 2659 exultent.

205 2690 332 2764 Propter
346 2690 445 2747 David
459 2709 579 2748 servum
593 2696 689 2763 tuum,
703 2710 765 2747 non
778 2696 895 2747 avertas
908 2691 1014 2749 faciem
1028 2692 1140 2750 (lhristi
1153 2693 1207 2749 tui.

204 2786 225 2842 J
228 2787 327 2842 uravit
352 2786 499 2864 Dominus
525 2787 625 2845 David
649 2788 816 2860 veritatem,
842 2793 873 2843 et
895 2806 956 2846 non
979 2789 1174 2848 frustrabitur
1197 2809 1281 2848 eam:
1313 2789 1349 2848 de

143 2882 244 2940 fructu
258 2883 371 2940 ventris
384 2884 431 2940 tui
444 2904 554 2959 ponam
568 2904 656 2960 super
669 2884 767 2942 sedem
781 2891 874 2942 tuam.

206 2981 240 3038 Si
260 2981 455 3038 custodierint
474 2981 530 3037 filii
549 2982 597 3038 tui
616 2987 828 3039 testamentum
848 3001 957 3055 meum,
972 2986 1003 3039 et
1016 2982 1186 3040 testimonia
1199 3002 1265 3040 mea
1278 2982 1350 3054 haec,

146 3098 211 3156 quae
225 3078 333 3135 docebo
347 3096 414 3134 eos:
437 3078 477 3133 ut
491 3078 545 3134 filii
559 3096 661 3135 eorum
678 3079 817 3154 usquein
830 3079 979 3152 saeculum,
994 3079 1137 3137 sedebunt
1150 3099 1239 3156 super
1252 3080 1352 3137 sedem

147 3182 239 3233 tuam.

209 3271 356 3341 Quoniam
367 3270 455 3343 elegit
470 3270 617 3328 Dominus
634 3270 723 3327 Sion:
744 3271 833 3345 elegit
846 3290 911 3328 earn
924 3271 957 3327 in
970 3270 1186 3329 habitationem
1199 3273 1264 3330 sibi.

209 3370 284 3426 Haec
294 3368 411 3444 requies
424 3387 490 3424 mea
499 3368 531 3424 in
543 3366 682 3426 saeculum
692 3366 806 3423 saeculi:
825 3367 874 3424 hic
884 3366 1024 3425 habitabo
1034 3369 1175 3444 quoniam
1185 3368 1262 3446 elegi
1274 3388 1350 3427 eam.

241 3623 303 3680 The
317 3622 461 3680 Bodleian
475 3623 539 3681 MS.
556 3622 626 3679 here
639 3622 719 3698 gives
732 3621 784 3679 the
797 3621 950 3698 following
963 3622 1159 3681 “Benedictio
1173 3623 1307 3700 Sepialcri
1316 3622 1355 3692 ,·’'

149 3721 201 3778 the
216 3719 391 3796 Cambridge
405 3719 470 3777 MS.
487 3719 547 3777 also
561 3719 614 3777 has
626 3720 652 3776 it
666 3738 704 3777 on
720 3720 770 3776 the
783 3719 901 3797 margin
916 3740 964 3777 :-

213 3817 392 3893 “Rogamus
413 3821 452 3888 te,
476 3814 604 3873 Domine
626 3821 735 3888 sancte,
757 3815 850 3873 Pater
871 3816 1064 3892 omnipotens,
1080 3821 1189 3874 aeterne
1203 3816 1295 3890 Deus,
1321 3822 1356 3874 ut

151 3913 371 3993 beneffldicere
392 3918 423 3970 et
446 3909 674 3990 sanctifflficare
695 3911 824 3989 digneris
844 3912 899 3970 hoc
913 3913 1079 3989 sepulcrum
1099 3917 1130 3969 et
1148 3931 1254 3989 corpus
1274 3913 1307 3969 in
1322 3931 1356 3970 co

152 4012 376 4082 collocandum
396 4016 431 4067 ut
456 4010 495 4067 sit
519 4009 682 4067 remedium
705 4010 833 4068 salutare
855 4009 888 4067 in
907 4029 942 4068 eo
962 4009 1128 4086 quiescenti
1140 4015 1171 4067 et
1190 4011 1355 4087 redemptio

153 4109 258 4166 animae
279 4109 341 4183 ejus
353 4114 444 4183 atque
464 4106 559 4164 tutela
579 4112 610 4165 et
629 4105 782 4164 munimen
802 4112 906 4165 contra
918 4125 997 4166 sava
1011 4104 1112 4185 jacula
1131 4106 1277 4166 inimici'
1299 4107 1357 4164 Per

155 4202 333 4261 Christum.’'
567 4205 573 4213 '

213 4317 306 4376 sula
320 4316 406 4374 York
420 4317 486 4376 MS.
501 4315 583 4395 gives
596 4332 618 4375 Δ
631 4317 678 4376 for
692 4316 744 4374 the
758 4318 815 4377 last
828 4323 898 4376 note
914 4317 948 4376 of
963 4272 1024 4376 this
1037 4316 1134 4376 chant.
