2850 4800
608 287 801 356 Benedictio
820 287 949 355 Fontis.

375 473 422 530 Ut
445 478 585 529 cunctum
609 470 754 546 populum
779 469 993 541 Christianum,
1015 468 1145 545 pretioso
1166 465 1315 545 sanguine
1336 470 1388 524 tuo

458 568 654 643 redemptum,
669 585 842 624 conservare
856 565 988 643 digneris
1002 585 1009 625 ε
1030 570 1062 622 te
1075 583 1222 640 rogamus.

376 666 423 723 Ut
453 666 486 722 in
515 665 636 722 Christo
660 664 773 721 renatis
806 663 1010 721 remissionem
1038 662 1173 720 omnium
1198 664 1387 738 peccatorum

457 765 567 822 donare
581 763 712 840 digneris
726 783 732 820 :
753 767 785 820 te
799 781 944 838 rogamus.

377 861 424 920 Ut
438 880 492 917 nos
506 861 593 917 hodie
607 861 671 917 sine
684 863 803 935 peccato
817 857 966 916 custodias
981 876 988 916 :
1011 862 1043 916 te
1056 875 1203 935 rogamus.

375 957 422 1016 Ut
436 977 489 1014 nos
504 957 647 1014 exaudire
661 955 792 1031 digneris
806 976 813 1015 ι
837 960 866 1012 te
879 972 1026 1030 rogamus.

378 1052 438 1111 Fili
454 1053 533 1110 Dei:
555 1057 585 1108 te
599 1069 738 1128 rogamus
752 1050 824 1108 audi
834 1069 897 1107 nos.

374 1149 483 1226 Agnus
497 1148 564 1222 Dei,
579 1148 633 1224 qui
645 1148 727 1205 tollis
740 1153 860 1224 peccata
873 1146 996 1205 mundi:
1016 1165 1103 1222 parce
1117 1144 1212 1219 nobis,
1228 1143 1366 1204 Domine.

374 1243 479 1321 Agnus
498 1244 566 1317 Dei,
582 1244 635 1320 qui
647 1243 729 1301 tollis
746 1249 865 1320 peccata
879 1234 1004 1301 mundi:
1025 1242 1135 1300 exaudi
1147 1260 1211 1315 nos,
1226 1242 1366 1299 Domine.

374 1340 480 1418 Agnus
495 1340 563 1413 Dei,
577 1340 631 1416 qui
650 1339 732 1397 tollis
745 1345 866 1416 peecata
879 1339 1002 1397 mundi:
1022 1338 1162 1398 miserere
1174 1337 1270 1397 nobis.

378 1437 496 1496 Christe
509 1437 580 1494 audi
593 1456 655 1494 nos.

377 1535 475 1610 Kyrie
488 1535 616 1610 eleyson.
659 1533 777 1591 Christe
792 1532 919 1610 eleyson.
963 1532 1061 1609 Kyrie
1075 1532 1201 1609 eleyson.

236 1715 343 1772 Finito
353 1713 478 1770 Litcscic
492 1722 544 1770 stet
554 1712 695 1770 Sacerdos
705 1730 804 1770 ocrsccs
818 1712 858 1768 cd
872 1710 1020 1783 omcoctem,
1032 1711 1105 1769 dcccc
1120 1702 1261 1769 benedicit
1269 1708 1388 1784 foetum

172 1806 245 1867 *hcc
259 1804 364 1866 modo*
377 1807 494 1864 dicens:

234 1903 383 1961 Dominus
396 1901 557 1959 vobiscum.
610 1901 744 1958 Oremus.

233 1999 429 2075 Omnipotens
450 1997 628 2073 sempiterne
642 1996 734 2069 Deus,
750 1995 851 2053 adesto
866 2014 979 2072 magnae
993 1994 1116 2071 pietatis
1136 2000 1197 2053 ture
1212 1996 1387 2071 mysteriis3

170 2096 274 2155 adesto
295 2095 486 2153 sacramentis
497 2114 506 2166 ;
535 2100 566 2151 et
586 2094 624 2152 ad
642 2093 783 2151 creandos
803 2112 896 2150 novos
917 2092 1042 2169 populos
1062 2111 1137 2168 quos
1157 2092 1216 2150 tibi
1232 2092 1301 2153 fons
1318 2094 1388 2171 bap

171 2195 300 2253 tismatis
313 2193 452 2271 parturit,
469 2192 609 2268 spiritum
623 2191 791 2268 adoptionis
806 2191 931 2263 emitte,
949 2195 986 2246 ut
994 2190 1074 2266 quod
1082 2190 1266 2248 humilitatis
1276 2197 1388 2251 nostra

171 2293 334 2370 gerendum
350 2311 382 2349 es
399 2290 575 2362 ministerio,
590 2294 650 2346 tuae
669 2288 793 2346 virtutis
811 2288 972 2364 impleatur
989 2288 1104 2346 effectu.
1147 2288 1207 2347 Per
1220 2289 1387 2348 Dominum

171 2396 316 2462 nostrum,
339 2388 445 2447 Jesum
467 2386 628 2455 Christum,
643 2385 756 2442 Filium
776 2391 873 2456 tuum,
889 2385 1062 2461 quitecum
1081 2383 1161 2442 vivit
1181 2390 1212 2443 et
1232 2390 1341 2463 regnat
1353 2385 1386 2443 in

170 2487 287 2544 unitate
300 2485 432 2562 Spiritus
446 2483 551 2541 Sancti
565 2483 648 2540 Deus
662 2501 716 2558 per
729 2483 830 2539 omnia
844 2482 951 2540 saecula
965 2482 1151 2541 saeculorum.

233 2583 382 2642 Dominus
395 2582 557 2638 vobiscum.

234 2680 360 2737 Sursum
374 2678 468 2735 corda.

235 2775 354 2833 Gratias
368 2794 489 2850 agamus
503 2773 634 2830 Domino
649 2774 715 2831 Deo
728 2778 839 2832 nostro.

233 2874 314 2931 Vere
335 2872 459 2948 dignum
478 2877 509 2929 et
526 2872 645 2946 justum
667 2877 713 2929 est
732 2892 851 2948 aequum
869 2879 900 2929 et
917 2873 1049 2931 salutare
1069 2892 1124 2932 nos
1141 2873 1199 2931 tibi
1219 2891 1337 2951 semper
1353 2879 1385 2933 et

172 2970 283 3046 ubique
303 2969 413 3045 gratias
433 2987 529 3044 agere,
547 2967 686 3042 Domine,
710 2975 810 3028 sancte
829 2969 929 3043 Pater,
945 2971 1131 3047 omnipotens
1151 2975 1263 3029 aeterne
1282 2970 1385 3029 Deus:

172 3067 233 3137 Qui
259 3064 407 3123 invisibili
438 3063 573 3139 potentia
605 3071 857 3122 sacramentorum
883 3071 1005 3124 tuorum
1039 3066 1220 3124 mirabiliter
1254 3066 1384 3143 operaris

171 3163 319 3234 effectum,
343 3167 373 3218 et
395 3161 466 3217 licet
489 3180 543 3218 nos
566 3161 661 3218 tantis
684 3163 835 3238 mysteriis
859 3164 1055 3240 exsequendis
1078 3163 1171 3221 simus
1196 3162 1325 3241 indigni,
1348 3168 1384 3221 tu

171 3265 273 3317 tamen
286 3257 390 3334 gratiae
404 3262 464 3314 tuae
479 3257 556 3315 dona
569 3277 630 3314 nou
648 3257 793 3331 deserens,
814 3259 904 3317 etiam
921 3260 959 3317 ad
974 3266 1090 3318 nostras
1106 3278 1207 3336 preces
1224 3278 1312 3318 aures
1324 3264 1384 3317 tua

171 3356 291 3433 pietatis
315 3355 461 3413 inclinas:
491 3355 584 3428 Daue,
606 3357 692 3432 eujus
712 3356 843 3432 Spiritus
864 3376 953 3434 super
972 3377 1065 3434 aquas
1088 3356 1169 3415 inter
1191 3356 1258 3434 ipsa
1278 3355 1385 3414 mundi

171 3451 334 3529 primordia
360 3452 519 3525 ferebatur,
543 3457 579 3509 ut
603 3452 668 3528 jam
694 3458 768 3510 tunc
795 3453 942 3510 virtutem
969 3452 1212 3512 sanctificationis
1238 3470 1384 3529 aquarum

170 3554 279 3607 natura
293 3549 479 3624 conciperet:
503 3548 594 3621 Deus,
609 3549 663 3624 qui
676 3548 809 3607 nocentis
822 3549 928 3606 mundi
943 3550 1068 3608 crimina
1081 3569 1135 3627 per
1151 3568 1245 3627 aquas
1260 3549 1386 3607 abluam

170 3644 401 3722 regenerationis
414 3645 540 3721 speciem
562 3645 595 3700 in
617 3644 682 3721 ipsa
703 3645 812 3702 diluvii
830 3644 972 3703 effusione
994 3645 1126 3724 signasti,
1142 3650 1178 3704 ut
1199 3644 1290 3703 unius
1311 3644 1386 3721 ejus-

170 3742 296 3817 demque
328 3740 469 3797 elementi
495 3739 637 3816 mysterio
664 3746 695 3798 et
723 3740 792 3798 finis
824 3747 900 3800 esset
927 3742 1011 3799 vitiis
1033 3747 1064 3800 et
1088 3741 1170 3817 origo
1198 3740 1385 3799 virtutibus:

171 3838 305 3915 Respice,
321 3836 458 3909 Domine,
474 3837 507 3894 in
529 3838 634 3895 facicm
656 3837 796 3897 Ecclesia
817 3844 887 3912 ture,
902 3844 933 3896 et
949 3838 1117 3916 multiplica
1136 3840 1170 3895 in
1184 3857 1220 3896 ea
1232 3832 1385 3916 regenera-

170 3936 265 3994 tiones
289 3941 367 4008 tuas‚
391 3934 443 4012 qui
466 3935 569 4012 gratiae
592 3941 652 3992 tuae
676 3935 798 3993 affluens
820 3936 934 4012 impetu
959 3935 1090 3994 laetificas
1111 3936 1267 3994 civitatem
1290 3941 1383 4009 tuam,

169 4033 342 4109 fontemque
355 4032 544 4109 baptismatis
558 4032 655 4108 aperis
669 4037 733 4090 toto
745 4033 815 4090 orbe
828 4039 977 4090 terrarum
991 4033 1131 4110 gentibus
1144 4014 1335 4106 innovandis,
1349 4037 1385 4090 ut

170 4134 230 4188 tuae
241 4132 298 4207 maj
303 4131 405 4188 estatis
413 4130 538 4206 imperio
549 4135 648 4188 sumat
654 4122 816 4207 Unigeniti
826 4131 872 4188 tui
882 4130 1010 4207 gratiam
1018 4131 1055 4189 de
1064 4130 1180 4208 Spiritu
1187 4130 1299 4188 Sancto
1308 4150 1315 4189 ε
1324 4128 1383 4187 Ilio

169 4224 325 4285 dividatur
339 4247 419 4302 cq‘uct
433 4226 654 4284 cammenata
674 4227 795 4284 caedum
816 4227 917 4285 crucia.
962 4226 1024 4296 Qui
1036 4227 1114 4286 hanc
1127 4247 1236 4305 aquam
1250 4244 1383 4307 regener-

508 4376 521 4399 “
533 4373 647 4419 Bodleian
658 4374 759 4420 MS.-“
769 4388 825 4420 cum
836 4387 905 4420 coreo
916 4386 1019 4420 accenso
1029 4375 1041 4397 '¹
