2850 4800
164 350 205 410 18
518 308 521 313 Ι
595 341 701 409 Riias
721 342 944 431 Baptieaadi.
1047 400 1049 405 .

161 548 273 600 camur,
298 533 334 585 ut
357 526 438 584 hune
464 524 612 584 famulum
632 530 720 583 tuum
740 524 781 584 N.
803 545 896 585 exuas
915 526 953 584 ab
973 526 1150 603 aegritudine
1169 526 1235 600 hec,
1257 532 1376 587 utnon

160 623 467 701 praevaleatinimicus
478 641 571 699 usque
581 621 620 680 ad
630 622 736 679 animae
748 621 959 682 tentationem:
973 628 1005 682 et
1013 622 1201 683 sicutinJob
1210 623 1375 685 terminum

160 740 247 797 pone,
266 739 305 778 ne
322 719 460 778 inimicus
482 719 520 776 de
539 718 640 775 anima
660 718 724 794 ejus
742 718 807 776 eine
823 718 964 795 baptismi
979 719 1184 796 redemptione
1198 720 1375 799 triumphet

162 818 259 876 Differ
269 818 307 875 ab
317 837 352 874 eo
362 818 479 875 exitum
486 814 601 888 mortis,
610 819 642 874 et
652 814 783 891 spatium
790 815 861 874 vitae
869 815 1011 889 extende;
1024 815 1124 874 releva
1134 836 1224 894 quem
1231 818 1375 895 perduces

161 915 200 974 ad
223 916 351 992 gratiam
374 913 516 990 baptismi
537 913 594 970 tui.
637 911 696 970 Per
720 913 885 971 Dominum
911 918 1057 986 nostrum,
1080 913 1189 973 Jesum
1210 914 1374 991 Christum,

164 1011 278 1068 Filium
292 1017 388 1068 tuum.
578 998 581 1003 ⁵

222 1109 366 1183 Despicio
382 1113 485 1181 tameat
498 1123 585 1164 mares
597 1113 624 1164 et
636 1123 732 1176 aares,
746 1105 860 1166 daem.-
891 1102 1091 1187 [hi-MSS]
1113 1106 1221 1181 Effeta,
1235 1106 1317 1185 quod
1329 1114 1374 1167 est

161 1205 333 1281 adaperire:
368 1204 409 1261 In
436 1203 557 1262 odorem
584 1201 760 1261 suavitatis:
795 1202 842 1260 'l'u
869 1208 971 1261 autem
998 1204 1136 1282 effugere,
1160 1213 1189 1264 et
1214 1213 1316 1278 actara,
1338 1212 1374 1263 at

162 1323 264 1378 supra.

223 1398 415 1458 Eacrcismas
423 1416 507 1474 aquae
517 1396 708 1474 baptismatis.
751 1395 894 1455 Fmorcizo
904 1402 945 1469 te,
955 1403 1091 1455 creatura
1100 1417 1194 1475 aquoe,
1205 1397 1241 1456 in
1253 1398 1374 1459 nomine

161 1495 223 1554 Dei
236 1496 338 1554 Patris
358 1494 571 1571 omnipotentis
579 1512 589 1567 3
609 1493 643 1550 in
662 1492 785 1551 nomine
804 1493 929 1551 Domini
948 1495 1053 1566 nostri,
1068 1494 1144 1554 Jesu
1165 1494 1288 1566 Christi,
1302 1494 1376 1555 Filii

163 1593 230 1665 Dei,
255 1597 285 1650 et
303 1591 433 1668 Spiritus
451 1591 573 1648 Sancti:
594 1595 626 1648 et
646 1589 673 1647 si
690 1589 770 1666 quod
790 1588 939 1649 fantasma
958 1590 1007 1649 vel
1024 1590 1051 1649 si
1068 1611 1128 1669 qua
1143 1592 1243 1651 virtus
1259 1591 1376 1653 inimici

161 1689 267 1764 iniqua
276 1687 325 1746 vel
333 1688 464 1744 incursio
476 1686 588 1745 diaboli
599 1686 678 1760 sdes,
688 1686 836 1745 eradicare
848 1692 879 1745 et
887 1688 1017 1765 effugare
1025 1689 1063 1747 ab
1071 1689 1127 1747 hac
1135 1694 1272 1748 ereatura
1280 1708 1375 1767 equa,

161 1790 198 1842 ut
219 1784 274 1841 fiet
296 1784 363 1841 fons
385 1783 494 1842 saliens
518 1783 552 1839 in
573 1783 668 1841 vitam
688 1789 838 1842 aeternam.
881 1784 921 1842 In
942 1786 1063 1845 nomine
1084 1785 1186 1845 Patris
1202 1793 1235 1845 et
1254 1786 1328 1845 Filii
1345 1792 1376 1847 et

163 1882 297 1959 Spiritus
310 1881 421 1939 Sancti.
465 1882 573 1939 Amen.

223 1982 329 2040 Postea
342 1979 462 2037 dicatur
470 1999 526 2056 per
539 1978 670 2038 ordinem
679 2003 689 2039 :
709 1979 926 2055 Abrenuntiss,
941 1989 967 2040 et
980 1990 1079 2053 atera,
1093 1964 1129 2040 at
1142 2002 1244 2059 supra.

221 2075 263 2134 Ia
272 2075 405 2135 maxima
417 2074 582 2134 necessitate
595 2074 736 2151 quidibet*
748 2076 894 2152 infamem
908 2077 1055 2154 baptizare
1062 2087 1158 2154 potest
1167 2103 1177 2139 .·
1193 2080 1230 2137 ia
1239 2098 1321 2155 aqua
1333 2088 1376 2139 ter

160 2181 318 2250 merqatar,
332 2171 378 2231 aei
392 2171 485 2244 semel,
505 2172 688 2231 aomiaesado
704 2172 899 2248 pessumire
914 2174 1031 2234 diceas:
1051 2174 1101 2248 N,
1117 2174 1181 2253 Ego
1194 2175 1315 2253 baptizo
1327 2182 1375 2235 te:

160 2271 199 2330 In
213 2270 335 2330 nomine
349 2269 450 2328 Patris
465 2274 495 2327 et
510 2269 581 2325 Filii
595 2275 626 2326 et
640 2269 771 2346 Spiritus
785 2269 897 2329 Sancti.
940 2272 1049 2330 Amen.

219 2367 362 2427 Sacerdos
385 2364 569 2444 parochialis
599 2364 678 2424 dehet
707 2367 770 2426 sais
798 2367 993 2442 parochianis
1013 2366 1187 2445 frequenter
1211 2386 1373 2447 proponere

157 2469 287 2540 formam
307 2466 479 2542 baptismali
500 2463 643 2542 parvulae
670 2464 705 2522 ia
730 2464 862 2524 absentia
883 2465 1052 2543 presbyteri,
1082 2466 1109 2525 si
1133 2486 1243 2527 accessa
1263 2468 1372 2543 faerit,

160 2585 226 2641 qaae
247 2573 288 2623 est
309 2564 367 2621 haec
388 2563 423 2621 ia
449 2563 554 2637 liapaa
573 2560 711 2636 sahmi.-
741 2560 812 2633 N.,†
835 2562 853 2619 I
878 2569 997 2640 crysten
1021 2562 1074 2621 the
1099 2563 1134 2621 in
1160 2564 1213 2623 the
1235 2584 1324 2625 name
1343 2564 1377 2625 of

159 2660 212 2718 the
236 2659 334 2717 Fader
357 2658 416 2715 and
440 2658 474 2713 of
498 2658 551 2714 the
575 2657 675 2715 Sonne
696 2657 756 2714 and
780 2657 815 2715 of
837 2658 890 2717 the
914 2658 1000 2735 Holy
1021 2659 1121 2733 Goete,
1150 2680 1264 2737 aquam
1287 2680 1373 2739 sapa

155 2756 298 2833 permutes
312 2754 473 2829 sparqeado
491 2753 611 2811 interim
628 2754 673 2814 rel
691 2754 791 2830 ipsam
807 2755 842 2813 ia
859 2775 970 2831 aquam
981 2757 1134 2832 serpendo
1152 2766 1196 2817 ter
1215 2758 1261 2819 oei
1272 2758 1372 2819 edam

160 2850 252 2911 semei.
294 2850 336 2906 Et
349 2848 428 2923 qaod
439 2848 559 2922 quilibet
572 2848 656 2908 homo
669 2851 728 2908 sios
740 2850 860 2910 clericas
873 2852 933 2910 siae
946 2852 1041 2912 laicas
1053 2861 1080 2913 et
1092 2855 1182 2914 etiam
1193 2854 1373 2933 paterpaen‘

160 2946 314 3008 sedetiam
338 2953 433 3003 mater
454 2944 516 3021 ejas
537 2955 631 3022 potest
652 2947 687 3006 ia
712 2957 844 3007 extremae
864 2950 1042 3010 necessitatis
1071 2952 1197 3013 aracaio
1216 2953 1373 3029 proprium

152 3044 258 3119 filiam
275 3042 430 3120 baptizare,
445 3042 611 3118 aisifaem't
624 3043 735 3121 aliquis
748 3043 850 3121 aliasss
858 3066 988 3123 praseae
1002 3049 1055 3124 qai
1066 3048 1118 3110 hoc
1128 3048 1232 3124 faeere
1250 3049 1336 3110 sciret
1347 3056 1374 3109 et

162 3141 251 3201 vellet.

220 3398 326 3456 Postea
342 3400 480 3473 procedat
500 3398 543 3458 ad
559 3398 652 3459 adare
672 3398 812 3460 Sacerdos
831 3409 858 3461 et
878 3411 1047 3464 commatres
1064 3423 1131 3465 arm
1148 3404 1273 3481 infante,
1290 3417 1318 3471 et
1333 3410 1375 3471 ei·

162 3495 276 3571 leuatam
289 3493 493 3569 Euemeriam.

222 3655 392 3716 Secemdam
405 3655 445 3711 M
442 3675 554 3714 arcam.
993 3718 996 3723 .

221 3753 262 3810 In
279 3753 331 3810 illo
344 3758 498 3828 tempore:
524 3753 716 3829 Respondeas
735 3774 812 3812 unus
834 3755 974 3815 deturba
994 3758 1092 3819 dixit:
1114 3760 1270 3840 Magister,
1283 3765 1376 3825 attuli

161 3852 257 3912 lilium
271 3868 371 3908 meum
394 3848 433 3905 ad
449 3854 489 3921 te,
504 3848 664 3906 habentem
685 3850 826 3926 spiritum
848 3858 974 3912 mutum.
1018 3856 1078 3925 Qui
1097 3857 1271 3937 ubicunque
1287 3860 1375 3920 illum

160 3950 399 4031 apprehenderit,
412 3949 511 4008 allidit
524 3968 601 4021 eum,
617 3956 648 4008 et
661 3956 788 4027 spumat,
800 3958 831 4010 et
844 3954 953 4014 stridet
966 3956 1115 4032 dentibus,
1130 3964 1162 4018 et
1175 3962 1291 4023 arescit
1334 3964 1376 4023 llt

161 4050 226 4110 dixi
239 4049 391 4128 discipulis
405 4048 466 4107 tuis
476 4054 511 4106 ut
525 4048 666 4124 ejicerent
679 4049 774 4124 illum,
790 4056 821 4108 et
833 4070 895 4111 non
903 4059 1075 4129 potuerunt.
1120 4056 1181 4128 Qui
1194 4061 1375 4139 respondeus

225 4189 238 4214 ¹
249 4188 367 4234 MSS.-“
374 4188 411 4234 oei
422 4186 545 4247 qralibeH'

222 4269 236 4328 t
251 4272 291 4317 Sir
300 4271 369 4318 John
382 4270 504 4317 Lawson's
518 4269 672 4329 hlS.-“N.,
687 4270 811 4332 Icristen
823 4271 853 4333 ie
863 4273 890 4322 in
901 4273 932 4336 ie
947 4274 1037 4337 neimo
1052 4278 1080 4326 of
1089 4277 1120 4341 io
1135 4280 1233 4345 lodoin,
1243 4284 1296 4336 end
1309 4284 1337 4335 oi
1345 4282 1374 4347 5⁹0

163 4353 230 4398 sone,
242 4340 328 4387 andei
339 4340 370 4401 ie
381 4339 442 4400 hely
452 4339 547 4401 geiste.
580 4341 632 4389 The
642 4343 714 4390 other
724 4343 794 4393 three
804 4344 873 4394 MSS.
885 4345 948 4395 heve
959 4347 1003 4396 the
1012 4349 1186 4409 AngloScxon
1197 4353 1249 4403 ih*

225 4420 238 4480 1
257 4419 327 4465 York
337 4420 438 4466 MS.-“
446 4420 483 4467 rel
491 4421 571 4483 eliqua
581 4421 652 4468 alia.”
