2850 4800
151 291 204 360 72·
542 290 716 378 Ecseqaiae
738 291 963 358 Mortuorum.

209 475 351 533 Paulinus
364 474 457 551 (xxiv.
462 475 479 552 )

208 571 261 629 Ad
280 577 320 644 te,
343 572 481 645 Domine,
502 571 603 630 levavi
623 573 754 629 animam
774 590 892 629 meam:
916 571 1000 630 Deus
1020 590 1112 642 meus,
1127 570 1161 628 in
1181 576 1212 628 te
1232 570 1360 643 confido,

148 687 210 726 non
224 669 402 727 erubescam.

125 842 128 847 Ι
208 765 315 842 Neque
336 766 482 825 irrideant
500 785 548 824 me
568 765 684 824 inimici
697 768 774 824 mei:
796 766 908 825 etenim
928 765 1061 825 universi
1081 766 1134 842 qui
1154 765 1305 825 sustinent
1318 772 1359 838 te,

149 881 210 920 non
224 859 454 922 confundentur.

209 960 440 1019 Confundantur
453 981 554 1019 omnes
568 962 673 1039 iniqua
687 969 807 1039 agentes
822 982 1010 1040 supervacue.

208 1057 285 1116 Vias
298 1064 374 1129 tuas,
389 1059 528 1130 Domine,
545 1059 716 1117 demonstra
729 1060 823 1120 mihi:
845 1067 876 1119 et
889 1062 1009 1120 semitas
1023 1068 1090 1119 tuas
1103 1060 1192 1119 edoce
1205 1079 1261 1118 me.

210 1155 316 1232 Dirige
339 1175 387 1214 me
408 1157 441 1213 in
462 1158 590 1215 veritate
613 1163 675 1230 tua,
703 1163 733 1215 et
757 1158 828 1216 doce
849 1178 917 1217 me:
939 1159 1010 1234 quia
1029 1165 1064 1217 tu
1079 1178 1110 1216 cs
1130 1158 1213 1216 Deus
1227 1157 1359 1216 salvator

148 1272 240 1326 meus,
256 1259 286 1312 et
299 1259 331 1312 te
344 1255 475 1312 sustinui
489 1260 553 1313 tota
567 1255 622 1313 die.

208 1351 412 1409 Reminiscere
450 1353 676 1410 miserationum
703 1359 834 1426 tuarum,
864 1353 1002 1426 Domine,
1031 1360 1062 1412 et
1088 1353 1357 1412 misericordiarum

148 1453 278 1517 tuarum,
293 1467 359 1524 quae
373 1468 391 1504 a
404 1448 511 1505 saeculo
525 1454 604 1506 sunt.

207 1545 326 1604 Delicta
335 1547 506 1622 juventutis
516 1567 582 1604 mea
596 1553 627 1605 ct
640 1547 825 1624 ignorantias
838 1568 918 1606 meas
932 1569 970 1607 ne
984 1549 1161 1608 memineris.

209 1643 378 1700 Secundum
396 1644 627 1702 misericordiam
641 1650 725 1701 tuam
747 1651 895 1703 memento
909 1646 969 1704 mei
988 1652 1033 1718 tu,
1047 1652 1170 1723 propter
1189 1645 1357 1704 bonitatem

147 1747 242 1810 tuam,
257 1740 394 1799 Domine.

207 1835 312 1894 Dulcis
326 1842 357 1894 et
376 1844 476 1896 rectus
496 1838 661 1896 Dominus:
682 1845 804 1916 propter
817 1839 872 1897 hoc
893 1841 988 1916 legem
1008 1839 1093 1898 dabit
1113 1839 1357 1916 delinquentibus

147 1933 182 1991 in
195 1933 262 1991 via·

205 2029 326 2107 Diriget
339 2036 510 2090 mansuetos
523 2031 556 2088 in
566 2030 681 2107 judicio
695 2052 700 2089 :
723 2032 840 2090 docebit
854 2032 941 2090 mites
955 2032 1020 2090 vias
1034 2052 1112 2091 suas.

204 2127 363 2187 Universae
384 2128 441 2186 viae
462 2129 588 2188 Domini
612 2130 815 2188 misericordia
835 2135 866 2187 et
886 2130 998 2188 veritas
1017 2129 1241 2206 requirentibus
1266 2136 1356 2188 testu·

145 2232 281 2286 mentum
295 2228 320 2304 ej
324 2247 360 2285 us
374 2234 404 2286 et
417 2228 591 2286 testimonia
604 2229 676 2304 ejus.

205 2326 333 2403 Propter
353 2345 462 2383 nomen
482 2332 580 2397 tuum,
594 2325 731 2398 Domine,
747 2324 955 2402 propitiaberis
975 2331 1095 2402 peccato
1115 2344 1201 2383 meo:
1225 2326 1356 2383 multum

147 2428 192 2481 est
208 2425 298 2482 enim.

204 2521 279 2590 Quis
294 2527 339 2578 est
359 2521 456 2592 homo,
472 2520 524 2595 qui
544 2521 633 2577 timet
654 2520 838 2578 Dominuml
858 2519 954 2596 legem
973 2519 1081 2576 statuit
1101 2519 1129 2576 ei
1143 2519 1176 2576 in
1190 2519 1249 2592 via,
1266 2498 1356 2595 quam

146 2617 243 2694 elegit.
497 2612 500 2619 ’

206 2713 320 2770 Anima
347 2715 411 2788 ejus
443 2713 474 2769 in
502 2712 588 2769 bonis
619 2713 839 2771 demorabitur:
877 2719 908 2770 et
939 2732 1039 2771 semen
1069 2713 1134 2789 ejus
1165 2712 1355 2771 haereditabit

146 2815 264 2868 terram.
1150 2799 1154 2805 ⁸

206 2905 444 2962 Firmamentum
459 2910 503 2960 est
517 2903 666 2961 Dominus
680 2904 857 2963 timentibus
871 2925 957 2964 cum:
979 2911 1009 2964 et
1023 2911 1237 2964 testamentum
1251 2906 1353 2982 ipsius,

146 3007 182 3060 ut
194 3001 403 3058 manifestetur
415 3000 484 3056 illis.
1006 2989 1009 2995 ’

207 3098 295 3156 Oculi
316 3097 376 3155 mei
399 3117 513 3173 semper
533 3097 571 3155 ad
596 3098 782 3156 Dominum:
812 3099 953 3175 quoniam
977 3099 1041 3176 ipse
1062 3099 1170 3158 evellet
1191 3100 1229 3158 de
1248 3100 1353 3177 laqueo

144 3195 233 3272 pedes
247 3214 335 3253 meos.

204 3293 331 3371 Respice
345 3293 377 3350 in
391 3312 448 3366 me,
464 3298 495 3351 et
508 3293 647 3352 miserere
660 3294 737 3351 mei:
759 3295 829 3371 quia
843 3294 957 3368 unicus,
975 3301 1005 3353 et
1019 3314 1132 3372 pauper
1145 3315 1211 3354 sum
1224 3315 1286 3374 ego.

203 3389 423 3448 Tribulationes
445 3391 541 3449 cordis
563 3391 622 3449 mei
643 3390 850 3467 multiplicata
870 3397 959 3450 sunt:
980 3392 1018 3450 de
1037 3393 1266 3452 necessitatibus
1280 3394 1353 3452 meis

146 3505 216 3545 erue
229 3507 285 3546 me.

203 3583 285 3641 Vide
306 3583 509 3641 humilitatem
531 3603 638 3655 meam,
660 3589 690 3641 et
714 3583 847 3642 laborem
870 3604 988 3643 meum:
1016 3590 1048 3642 et
1069 3584 1190 3645 dimitte
1211 3587 1351 3646 universa

145 3680 253 3741 delicta
266 3701 340 3740 mea.

203 3780 330 3857 Respice
352 3779 488 3838 inimicos
508 3798 598 3853 meos,
622 3779 763 3857 quoniam
784 3780 978 3858 multiplicati
1000 3787 1079 3854 sunt,
1103 3787 1135 3840 et
1157 3781 1225 3840 odio
1247 3782 1351 3861 iniquo

144 3875 272 3936 oderunt
285 3897 341 3936 me.

204 3975 329 4034 Custodi
342 3975 470 4034 animam
486 3993 592 4048 meam,
604 3979 634 4032 et
648 3994 718 4033 erus
731 3993 795 4034 me:
817 3993 878 4033 non
888 3974 1067 4047 erubescam,
1079 3975 1221 4052 quoniam
1235 3972 1352 4054 speravi

145 4070 179 4130 in
192 4077 230 4130 te.

206 4169 394 4242 Innocentes,
409 4175 440 4226 et
453 4169 527 4226 recti
540 4167 729 4226 adbaeserunt
742 4167 835 4226 mihi:
856 4167 928 4244 quia
942 4166 1074 4226 sustinui
1087 4173 1125 4226 te.

207 4263 324 4336 Libera,
339 4265 429 4336 Deus,
445 4265 547 4338 Israel,
563 4285 602 4324 ex
615 4265 752 4323 omnibus
766 4263 1012 4323 tribulationibus
1026 4263 1095 4324 suis.

207 4358 354 4435 Requiem
368 4366 516 4420 aeternam.
