2866 4846
540 289 686 357 crosno
699 288 884 377 Bapttsmt.

689 608 731 674 V.

108 815 229 875 FROM
258 815 323 873 AN
355 812 499 872 “ORDO
528 811 770 873 ROMANUS’'
799 813 1003 873 WRH'PEN
1025 814 1078 873 IN
1099 814 1196 874 THE
1217 814 1319 875 mm

230 920 284 979 OF
327 918 612 977 AROHBISHOP
660 918 851 991 ALDRED,
892 918 1134 979 PROBABLY
1175 918 1318 981 ABOUT

229 1023 310 1083 A.D.
356 1023 444 1096 1070,
493 1021 598 1081 NOW
646 1022 698 1081 IN
747 1023 836 1081 THE
884 1022 1066 1083 BRITISH
1118 1022 1316 1097 Musseti.

231 1129 394 1189 OOTTON
415 1128 515 1204 Mes,
536 1128 778 1202 VITELLIUS,
799 1129 836 1189 E.
857 1128 937 1191 XII.

259 1307 296 1366 II
294 1307 321 1366 is
334 1307 466 1385 Expietis
478 1306 701 1383 Baptircrutum
713 1315 755 1366 est
767 1306 844 1366 sicut
856 1306 891 1366 in
910 1305 1021 1383 Viyibie
1033 1306 1171 1367 Pascboe.

170 1459 283 1537 Imiyiit
304 1461 375 1518 ordo
396 1461 437 1517 art
460 1459 672 1535 baptizandum
694 1459 826 1534 irffomes
847 1479 882 1519 er
900 1460 1049 1520 cummim
1069 1469 1318 1521 sacramentorum

110 1543 184 1600 libro
198 1541 292 1599 sarrcti
307 1540 440 1615 Greyorii
448 1560 545 1616 papie.

171 1622 319 1679 Primitees
348 1630 383 1678 ut
412 1620 542 1696 infantes
568 1621 610 1678 ad
635 1619 797 1679 Ecclesiam
822 1620 960 1692 rercerimt,
991 1629 1176 1681 statuebatur
1200 1620 1317 1683 metii

109 1721 238 1760 seorsum
265 1721 284 1759 a
311 1701 421 1759 dextris
444 1710 470 1759 et
487 1700 613 1774 semime
638 1720 767 1759 seorsum
790 1721 811 1760 a
833 1700 985 1773 mmmmm
1011 1710 1041 1761 ct
1067 1702 1184 1763 vocatis
1208 1702 1316 1763 renim

110 1782 245 1857 sinyutis,
260 1782 419 1856 interroyot
432 1780 585 1854 Presbyter
597 1780 717 1842 diceris:

171 1862 378 1920 Abrenuntias
392 1861 530 1919 Setonae‘i

173 1943 259 2017 Resp.
302 1942 502 2001 Abrenuntio.

173 2022 215 2079 Et
229 2022 366 2080 omnibus
380 2023 516 2097 operibus
529 2021 611 2098 ejusi

173 2101 257 2178 Resp.
300 2102 501 2160 Abrenuntio.

172 2182 339 2257 Interroyot
372 2182 544 2256 Presbyter:
579 2181 681 2239 Credis
711 2179 745 2238 in
779 2181 886 2256 Deum,
915 2180 1040 2240 Patrem
1074 2182 1318 2261 omnipotentem,

113 2269 279 2320 creatorum
293 2261 357 2319 caeli
398 2287 414 2320 s
472 2286 488 2319 s
547 2286 563 2320 s

175 2342 444 2400 CredisinJesum
483 2366 499 2399 s
558 2369 574 2401 s
632 2365 648 2400 s

175 2423 278 2480 Credis
291 2423 325 2479 in
339 2422 486 2499 Spiritum
500 2420 643 2479 Sanctum
684 2447 700 2482 ιιι
757 2448 773 2483 s
832 2449 848 2485 s

177 2503 259 2561 Pam
273 2506 404 2577 exsufflet
417 2502 569 2575 infaciem
583 2502 644 2577 ejus
658 2501 752 2560 tribus
764 2502 875 2561 risibus
887 2500 1007 2561 dicens:

175 2584 244 2656 Exi,
266 2583 418 2640 immunde
440 2582 571 2657 spiritus,
596 2587 627 2639 et
648 2581 806 2643 dalocum
830 2582 958 2660 SpirItui
979 2582 1091 2641 Sancto
1115 2582 1283 2658 Paraolito,
1301 2592 1326 2643 et

114 2674 185 2722 tnnc
192 2664 336 2739 primitus
344 2663 440 2737 saciet
453 2663 606 2739 Presbyter
616 2681 728 2720 murem
738 2663 916 2740 compellite
926 2664 961 2722 iri
970 2664 1327 2741 emulorumjronsttrs

115 2746 159 2802 ite
173 2745 316 2802 dicendo:

176 2826 215 2882 In
229 2824 348 2881 nomine
363 2823 461 2881 Patris
475 2827 506 2880 et
519 2823 592 2880 Filii
605 2828 636 2880 et
650 2823 779 2900 Spiritus
794 2823 904 2883 Sancti.

176 2906 260 2963 Tem
268 2925 381 2980 porteris
394 2923 516 2962 reanum
530 2924 617 2980 super
630 2913 718 2978 eaput
758 2926 774 2961 ιιι
832 2928 848 2963 e
906 2928 922 2963 s
967 2904 1067 2964 dicat:

177 2985 372 3062 Omnipotens
396 2985 574 3060 sempiterne
598 2984 689 3056 Deus,
714 2983 807 3041 Pater
830 2984 954 3041 Domini
976 2986 1074 3043 nostri
1097 2986 1180 3045 besu
1204 2986 1327 3061 Christi,

115 3066 256 3141 respicere
270 3066 401 3141 dignare,
417 3074 443 3123 et
456 3074 547 3123 cetera
560 3073 594 3122 ut
607 3084 707 3141 supro,
722 3083 750 3140 p.
767 3064 796 3122 5.

177 3146 282 3202 Preces
295 3151 419 3216 nostras,
435 3153 461 3202 et
475 3153 567 3202 cetera
579 3153 612 3202 iet
626 3164 725 3220 supro,
740 3164 768 3221 p.
787 3144 814 3202 6.

175 3225 265 3283 Atio:
285 3225 376 3296 Deus‚
392 3224 445 3300 qui
457 3224 582 3281 humani
594 3225 718 3301 generis,
734 3233 761 3284 et
773 3234 865 3284 cetera
877 3232 1017 3301 utsupra
1030 3224 1151 3285 ibidem.

176 3306 281 3362 Postea
296 3304 440 3362 benedicet
454 3305 542 3363 sabim
554 3306 606 3362 boc
619 3306 725 3363 modo:

177 3385 320 3442 Exorcizo
334 3390 372 3456 te,
389 3391 523 3442 creatura
536 3385 613 3458 salis,
629 3394 654 3442 et
669 3394 759 3443 cetere
772 3393 806 3444 ut
820 3404 912 3462 supra
924 3384 1039 3443 ibidem.

176 3465 289 3540 Accipe
303 3465 393 3522 salem
407 3465 566 3542 sapientise.
611 3466 796 3540 Propitietur
836 3489 852 3523 s
911 3492 927 3527 e
985 3488 1001 3522 s

177 3546 243 3604 Pax
257 3546 321 3602 tibi.
364 3545 487 3604 Etcum
502 3545 611 3622 spiritu
625 3551 687 3605 tuo.

177 3627 259 3684 Deus
273 3633 392 3702 patrum
405 3632 582 3697 nostrorum,
597 3635 623 3684 et
637 3634 727 3684 cetera
738 3633 773 3685 ut
786 3645 879 3702 scyra
891 3624 1004 3684 &Mem

177 3705 292 3765 Iterum
297 3706 392 3780 faciet
405 3726 517 3764 crucem
530 3705 724 3780 bifrontibus
737 3706 922 3781 siriyulomm
935 3705 1079 3765 diemde:

178 3787 218 3844 In
231 3788 351 3844 nomine
365 3787 465 3844 Patris
479 3793 510 3845 et
523 3788 596 3845 Filii
609 3793 640 3845 et
654 3786 785 3862 Spin'tus
800 3786 910 3845 Sancti.

177 3867 219 3924 Et
232 3868 364 3942 importet
376 3888 500 3926 omnum
520 3887 605 3944 seper
626 3866 767 3925 masculos
786 3868 864 3926 dares
883 3866 1044 3926 orationem
1056 3885 1149 3943 super
1161 3886 1212 3929 eos
1223 3868 1329 3931 mbr

118 3967 180 4006 roes
194 3947 240 4005 bis
253 3948 352 4005 serbis.

179 4027 262 4084 Deus
275 4028 439 4100 Abraham,
454 4036 481 4086 ct
495 4037 585 4087 cetera
599 4036 633 4086 ut
648 4048 749 4104 supra,
763 4047 791 4104 p.
809 4026 836 4085 7.

178 4107 258 4184 Ergo
272 4108 434 4183 moledicte,
449 4117 475 4167 et
489 4119 580 4169 cetere
592 4119 626 4168 ut
639 4129 733 4186 supra
745 4108 859 4167 ibidem.

606 4269 707 4330 Cetera
721 4269 834 4328 desunt.
