2866 4846
158 351 239 413 138*
593 345 738 412 Ordines
751 345 934 432 Raptam.

216 512 309 585 Audi,
325 512 489 584 maledicte,
502 521 528 570 61
543 520 633 571 celera
646 520 681 568 at
694 531 787 588 aripret
799 511 913 570 ibidem.
1087 588 1091 593 ‚

216 593 298 650 Deus
308 593 462 650 Abraham
482 608 497 642 *
523 594 576 669 qni
589 593 694 664 tribus,
708 602 733 650 et
746 601 836 651 cetero
848 602 883 650 at
896 612 997 669 aripret,
1007 612 1037 672 p.
1050 593 1080 654 8.
1114 595 1204 674 Ergo
1215 595 1363 655 maledica

215 672 358 730 Exorcizo
373 679 411 743 te,
427 682 452 730 et
467 681 557 730 cetera
570 680 604 729 61
617 693 717 748 capra.
761 674 839 749 Ergo
852 674 1016 733 maledicte.

215 752 357 811 Exercizo
371 760 410 825 te,
427 763 453 811 et
467 762 556 811 cetera
570 762 717 829 utsupra.
761 754 840 830 Ergo
854 753 1018 812 maledicte.

214 833 373 890 AEternam
388 840 417 890 et
427 834 631 908 justissimam,
647 842 673 891 et
686 842 779 892 cetera
791 843 825 891 at
838 853 938 911 supra,
952 853 981 911 p.
998 836 1026 894 9.

213 911 306 970 Pater
319 920 426 971 noster.

214 991 308 1050 Oredo
322 993 354 1049 in
368 1013 462 1050 unum
476 993 583 1065 Deum,
599 1001 624 1051 et
639 1002 736 1052 cetera.

212 1087 384 1145 Benedictio
406 1089 464 1146 Dei
485 1089 583 1145 Patris
597 1095 628 1146 et
649 1090 720 1146 Filii
740 1096 771 1147 et
792 1089 921 1166 Spiritus
942 1089 1049 1150 Sancti
1068 1092 1180 1151 veniat
1194 1113 1284 1171 super
1296 1101 1324 1154 te
1335 1104 1358 1154 et

151 1167 293 1243 perducat
306 1175 336 1225 te
351 1170 387 1225 ad
402 1169 496 1226 vitam
510 1176 659 1226 aeternam.

210 1264 249 1320 In
272 1264 325 1320 illo
345 1271 486 1341 tempore,
509 1266 681 1323 Offerebant
701 1266 748 1323 illi
765 1266 903 1344 parvulos
923 1273 959 1324 ut
979 1272 1120 1346 tangeret
1142 1289 1196 1329 eos
1216 1290 1306 1347 acque
1323 1273 1355 1330 ad

150 1343 341 1401 benedicebat
355 1365 404 1402 eos
420 1345 461 1424 (S.
478 1347 572 1404 Marc.
588 1367 616 1403 aa
632 1345 741 1423 13-16).

210 1441 321 1517 Accipe
336 1442 519 1518 signaculum
533 1443 658 1500 Domini
674 1443 769 1500 nostri
782 1444 804 1500 J
805 1463 856 1501 esu
871 1443 985 1502 Christi
1005 1445 1039 1502 in
1053 1465 1152 1506 manu
1166 1453 1222 1506 tua
1236 1449 1351 1517 dextera,

149 1526 184 1576 ut
204 1526 234 1576 te
255 1523 350 1598 signes
372 1530 402 1579 et
424 1523 459 1580 de
480 1523 603 1580 adversa
619 1529 703 1600 parte
716 1524 849 1600 repellas,
863 1530 899 1581 ut
919 1525 1027 1583 habeas
1049 1527 1152 1586 vitam
1172 1535 1312 1588 aeternam
1329 1536 1353 1586 et

149 1601 233 1657 vivas
246 1601 280 1657 in
294 1603 399 1659 saecula
413 1604 594 1661 saeculorum.

209 1697 273 1756 Nec
287 1704 317 1756 te
331 1699 413 1772 latet,
430 1700 548 1771 Satana,
563 1708 589 1757 et
603 1709 694 1758 cetera
707 1707 741 1758 at
755 1719 854 1776 aripret,
870 1719 897 1777 p.
915 1701 941 1758 9.

349 1873 446 1946 Kyrie
460 1873 586 1947 eleyson.
629 1872 746 1931 Christe
760 1873 885 1949 eleyson.

350 1953 466 2009 Christe
480 1953 551 2009 audi
564 1972 625 2010 nos.

348 2032 439 2089 Pater
453 2033 489 2090 de
505 2034 591 2103 caelis,
607 2033 689 2090 Deus
701 2054 707 2091 :
728 2033 864 2091 miserere
878 2032 972 2093 nobis.

348 2113 451 2182 Filius,
466 2115 635 2188 redemptor
647 2114 760 2184 mnndi,
776 2115 876 2171 Deus:
896 2115 1036 2172 miserere
1051 2115 1150 2175 nobis.

347 2193 477 2267 Spiritus
491 2195 607 2264 Sancte,
620 2194 719 2250 Deus:
740 2195 877 2250 miserere
891 2195 983 2251 nobis.

348 2273 456 2329 Sancta
470 2275 608 2345 Trinitas,
624 2293 703 2330 unus
718 2274 817 2332 Dens:
838 2274 975 2332 miserere
989 2274 1083 2334 nobis.

347 2353 456 2409 Sancta
470 2355 588 2411 Maria:
610 2373 661 2410 ora
675 2374 728 2429 pro
742 2354 835 2411 nobie.

347 2433 455 2489 Sancta
470 2434 528 2490 Dei
541 2435 696 2509 genetrix:
717 2453 775 2493 ora.

345 2512 454 2569 Sancta
467 2515 551 2589 virgo
565 2515 734 2590 virginum:
755 2533 814 2572 ora.

344 2592 451 2650 Sancte
467 2594 614 2651 Michael:
635 2614 693 2652 616.

344 2672 451 2729 Sancte
466 2675 604 2732 Gabriel:
625 2695 686 2732 ora.

344 2753 451 2810 Sancte
465 2754 616 2830 Raphael:
639 2775 699 2812 ora.

302 2833 412 2890 Omnes
425 2836 520 2891 sancti
533 2835 643 2909 Angeli
658 2841 688 2892 et
701 2835 901 2911 Archangeli:
921 2841 1003 2893 orate
1016 2855 1071 2913 pro
1085 2838 1188 2899 nobis.

302 2914 411 2970 Omnes
425 2915 519 2972 sancti
533 2915 686 2972 beatorum
701 2916 866 2991 Spiritunm
880 2916 1020 2974 Ordines:
1034 2924 1120 2976 orate
1134 2939 1194 2997 pro
1208 2923 1304 2982 nobis

301 2994 411 3050 Omnes
425 2996 519 3051 sancti
534 2995 712 3053 Patriamhae
727 3002 816 3071 atque
830 2997 985 3073 Prophetae
998 3017 1004 3055 :
1025 3005 1119 3056 orate.

340 3074 447 3131 Sancto
461 3076 482 3132 J
484 3076 613 3133 ohannes
627 3076 782 3152 Baptista:
804 3096 861 3134 ora.

341 3154 448 3210 Sancte
463 3156 568 3212 Petra:
590 3176 650 3215 ora.

339 3233 446 3291 Sancte
462 3236 571 3293 Paule:
593 3257 651 3295 ora.

338 3314 446 3370 Sancte
460 3316 600 3374 Andrea:
622 3337 680 3374 ora.

337 3393 444 3451 Sancte
459 3396 480 3451 J
481 3398 569 3453 666116
582 3419 587 3453 :
609 3416 669 3454 ora.

337 3474 444 3531 Sancte
459 3477 480 3533 J
483 3477 630 3534 ohannes:
652 3497 710 3536 ora.

337 3555 443 3612 Sancte
457 3557 585 3614 16661161
607 3578 665 3614 616.

335 3635 441 3692 Sancte
457 3637 611 3712 Philippa:
633 3659 690 3695 ora.

334 3716 441 3774 Sancte
455 3717 688 3776 Bartholomaee:
710 3739 768 3776 ora.

334 3796 441 3854 Sancte
456 3797 584 3854 16661161
605 3819 662 3856 ora.

332 3876 439 3934 Sancte
453 3878 614 3935 Matthaee:
637 3899 695 3936 ora.

333 3957 440 4014 Sancte
454 3958 584 4016 Thoma:
606 3979 664 4017 ora.

331 4037 439 4094 Sancte
454 4038 575 4096 Simon:
598 4058 657 4097 ora.

330 4117 437 4175 Sancte
451 4118 471 4176 J
474 4120 533 4175 uda
545 4140 550 4176 ι
572 4139 629 4177 ora.

330 4197 437 4255 Sancte
452 4199 600 4257 Matthia:
624 4221 681 4257 ora

329 4277 436 4334 Sancte
451 4279 569 4338 Marce:
591 4301 649 4340 ora.

328 4356 435 4415 Sancte
450 4360 548 4418 Luca:
570 4380 628 4420 616.

327 4437 434 4495 Sancte
448 4440 603 4499 Bernaba:
625 4462 683 4499 ora.
