2850 4800
188 274 250 334 110
608 265 658 330 In
677 265 742 331 Die
760 265 964 332 Parasoeves.

246 451 351 508 Postea
364 449 437 508 dicti
450 449 510 507 dno
523 446 676 507 Diaconi'*
690 469 756 507 enne
770 468 852 507 crnce
865 448 1089 524 aliquantalum
1096 450 1245 526 propensi
1257 450 1385 510 dicam.-

248 547 326 617 Quia
340 547 431 605 eduxi
444 553 475 604 te
489 566 542 623 per
556 546 705 603 desertum
723 546 920 623 quadraginta
933 546 1019 604 annis
1033 551 1064 604 et
1077 565 1188 603 manna
1201 547 1301 604 cibavi
1319 551 1397 605 teet

185 644 341 701 introduxi
354 645 387 700 in
400 650 510 702 terram
524 641 597 701 satis
611 642 763 720 optimam,
777 644 892 719 parasti
904 662 1020 702 crucem
1034 643 1184 702 Salvatori
1197 649 1260 705 tuo,

248 740 410 799 Diaconas.
452 740 556 816 Agios.

250 838 373 898 Oiorns.
416 838 543 895 Sanctus
557 837 648 895 Deus.

248 936 362 993 Deinde
375 934 541 994 Sacerdotes
555 932 648 992 Otene
661 934 932 1010 appropinquantes
945 934 1047 994 dicant
1057 960 1067 996 .·

249 1033 329 1103 Quid
343 1032 423 1089 ultra
445 1030 535 1088 debui
547 1029 641 1088 facere
661 1031 727 1104 tibi,
742 1038 773 1089 et
785 1051 846 1090 non
859 1032 936 1093 feeit
986 1034 1051 1112 Ego
1065 1034 1184 1110 quidem
1204 1035 1342 1112 plantavi
1355 1042 1393 1108 te,

188 1133 309 1187 vineam
332 1148 429 1186 meam
442 1127 543 1184 fructu
563 1124 707 1200 decoram,
723 1133 754 1186 et
766 1133 802 1185 tn
822 1129 900 1187 facta
913 1149 945 1188 es
964 1130 1040 1187 mihi
1059 1131 1150 1188 nimis
1169 1150 1272 1190 amara
1282 1152 1291 1205 ;
1311 1137 1394 1190 aceto

188 1246 318 1303 namque
338 1226 434 1284 mixto
448 1245 516 1283 cum
536 1224 604 1282 folle
622 1225 704 1282 sitim
717 1245 814 1282 meam
834 1227 953 1302 potasti,
969 1233 1000 1286 et
1018 1227 1120 1286 lancea
1138 1228 1297 1305 perforasti
1316 1229 1395 1287 latus

127 1341 131 1347 '
189 1325 355 1383 Salvatorie
368 1323 423 1382 tui.

250 1422 411 1478 Diaconos.
454 1417 557 1496 Agios.

253 1517 373 1576 Cleonae.
418 1514 543 1572 Sanctus
558 1513 647 1570 Deus.

247 1611 415 1670 Sacerdotes
424 1611 637 1686 discooperiant
647 1630 767 1683 eninm,
782 1621 809 1670 et
822 1612 924 1671 dicant
935 1613 1139 1690 Antiptonanr
1153 1635 1162 1672 :

249 1712 325 1767 Ecce
338 1710 454 1786 lignum
468 1710 563 1767 crucis
576 1710 609 1766 in
624 1728 683 1785 quo
696 1709 775 1766 salus
788 1710 894 1767 mundi
907 1711 1057 1787 pependit,
1072 1711 1174 1769 venite
1188 1710 1354 1771 adoremus.

252 1807 367 1866 Cleonae
373 1806 502 1881 flexibus
513 1806 635 1881 penitae
648 1806 742 1864 dieat:

250 1903 326 1961 Ecce
353 1902 469 1979 lignum
500 1903 595 1959 crucis
625 1903 658 1958 in
685 1921 745 1978 quo
772 1903 850 1961 salus
876 1902 983 1962 mundi
1009 1904 1158 1983 pependit,
1185 1905 1287 1963 venite
1314 1904 1399 1962 ador·

190 2003 281 2043 emus.

250 2082 396 2139 Psatmna
439 2079 528 2137 Beati
543 2079 774 2137 immaculatiin
787 2080 856 2138 via:
877 2080 930 2156 qni
943 2080 1221 2160 ambulantinlege
1235 2081 1370 2140 Domini.
1402 2060 1408 2069 ¹

250 2180 432 2256 Antrplrona.
456 2179 532 2236 Ecce
546 2177 661 2255 lignum
675 2178 777 2235 crucia

257 2278 368 2336 Versae.
413 2276 501 2333 Beati
515 2275 568 2351 qui
581 2280 762 2332 scrutantur.

251 2374 433 2449 Antipicna.
456 2372 533 2429 Eece
547 2371 662 2448 lignum
676 2369 778 2429 crucis.

257 2471 367 2529 Versae.
411 2469 483 2527 Non
497 2468 577 2526 enim
591 2468 644 2544 qui
657 2472 826 2543 operantur,
842 2477 868 2526 et
882 2469 1005 2529 cetera.†

251 2566 377 2626 Interim
384 2567 530 2643 palatae
543 2575 569 2623 et
582 2563 716 2623 ministri
729 2583 796 2622 enne
809 2562 882 2623 clero
897 2565 1019 2624 adorent
1032 2585 1152 2626 maana

252 2664 337 2735 Item,
353 2665 427 2721 dnm
440 2663 593 2734 adoratur,
608 2662 709 2719 dicant
722 2659 924 2736 antiphonam
933 2686 943 2722 .·

252 2760 348 2817 Tuam
368 2780 485 2818 crucem
505 2759 671 2831 adoramus,
685 2759 824 2832 Domine,
846 2765 877 2817 et
897 2765 1029 2818 sanctam
1049 2760 1295 2820 resurrectionem
1317 2767 1401 2822 tuam

191 2859 347 2917 laudamus
367 2863 399 2914 et
418 2856 634 2933 glorificamus,
655 2876 720 2915 ecce
741 2857 820 2914 enim
833 2864 956 2936 propter
969 2878 1085 2918 crucem
1105 2859 1191 2918 venit
1209 2860 1352 2937 gandium
1366 2861 1401 2918 in

192 2954 333 3012 universo
347 2954 467 3011 mundo.
1396 3024 1398 3029 Ι

253 3051 400 3109 Peatmas.
444 3049 527 3106 Deus
557 3049 733 3109 misereatur
751 3054 847 3111 nostri
868 3059 900 3112 et
929 3054 1085 3113 benedicat
1112 3055 1219 3116 nobis:
1248 3054 1402 3114 illuminet

192 3150 312 3207 vultum
320 3167 407 3205 suum
421 3166 511 3223 super
524 3165 578 3204 nos
591 3152 622 3205 et
636 3148 795 3206 miseratur
808 3149 913 3208 nostri.

254 3245 433 3320 Antiphone.
456 3244 553 3302 Tuam
566 3265 682 3304 crucem
695 3246 860 3305 adoramus.
908 3246 1066 3322 Dominess
1122 3306 1125 3311 .

261 3344 372 3402 Verane.
416 3343 463 3401 Ut
477 3363 691 3420 cognoscamus.

255 3440 433 3516 Antiphone.
456 3441 550 3498 Tuam
564 3461 688 3500 crucem.

253 3538 294 3595 Et
304 3538 346 3596 sic
356 3539 488 3614 deinceps
497 3539 615 3597 interim
624 3538 752 3614 iynnne
761 3546 902 3611 cornetan,
914 3539 987 3599 dam
996 3539 1090 3600 enine
1099 3548 1126 3600 et
1133 3539 1265 3617 populns
1275 3540 1400 3600 adoraret

194 3655 306 3694 narem
316 3659 325 3695 :

559 3717 643 3774 Crux
655 3715 750 3774 fidelis
763 3715 844 3775 inter
858 3736 959 3776 omnes

598 3812 701 3870 Arbor
713 3832 775 3871 una
787 3813 896 3872 nobilis
906 3833 915 3887 3

255 3959 267 3983 ’
284 3957 323 4003 sir
332 3957 356 4003 J.
368 3955 493 4002 Lawson's
503 3955 602 4002 MS.—“
610 3954 760 4015 Presbyterffl’

254 4040 267 4098 †
283 4038 323 4082 Sir
338 4037 362 4083 J.
380 4038 507 4084 Lawson’s
525 4037 664 4083 ira-“Et
681 4036 715 4083 eie
738 4043 798 4084 totae
814 4037 922 4086 Psalmus
941 4045 1052 4100 camdus,
1072 4046 1151 4101 etpost
1169 4040 1287 4102 quaelibet
1311 4043 1403 4090 Versum

194 4120 312 4174 repetnnr
324 4113 465 4173 Antiphone,
480 4113 543 4159 Ecce
561 4113 663 4172 lignum,
673 4117 694 4158 et
709 4112 762 4158 dam
777 4113 875 4174 contar,
885 4113 994 4162 adoretur·
1008 4130 1066 4164 ates
1080 4131 1097 4163 a
1106 4117 1208 4178 pralon
1222 4123 1244 4165 et
1257 4116 1372 4167 ministris
1381 4125 1402 4166 et

195 4203 211 4234 a
221 4189 282 4236 clero
292 4195 313 4235 et
321 4189 431 4249 popnlo.’‘

254 4264 267 4324 i
279 4263 319 4308 Sir
333 4263 357 4309 J.
372 4262 499 4310 Lawson’s
512 4263 612 4311 MS.-“
620 4264 652 4311 Et
665 4263 699 4311 n'c
716 4266 775 4310 totas
788 4262 894 4311 Psalmrn
902 4270 1058 4326 perennans,
1072 4270 1094 4315 et
1105 4273 1161 4329 post
1175 4267 1294 4330 quemlsiet
1312 4268 1405 4319 Vama

194 4336 327 4399 Antiphone
338 4337 417 4384 Tuam
426 4340 542 4386 erucem.'¹
