2850 4800
124 257 186 318 188
557 251 606 317 le
621 249 676 316 et
689 251 898 335 Pentecoste.

118 433 246 493 Sanctus
265 433 356 492 debet
375 432 474 510 eloqui
494 432 577 506 illis3
598 439 629 493 et
649 433 790 493 convenit
812 433 976 494 multitudo
999 434 1177 514 dicentium,
1193 437 1277 498 ellelr

126 531 155 592 V.
179 531 391 609 Loquebentur
399 530 491 588 variis
500 530 611 608 linguis
619 530 760 609 Apostoli
773 530 921 609 magnalis
933 531 1000 592 Dei.

181 628 285 688 Gloria
298 627 384 686 Petri
397 633 429 686 et
442 628 520 687 Filio
534 635 565 687 et
580 629 696 707 Spiritu
710 628 827 690 Sancto.
869 630 1021 709 Alleluys

180 736 321 814 Sequitur
333 732 455 794 Prosci*

288 862 317 924 V.
342 860 439 934 Salve,
455 859 531 918 feste
544 860 608 920 dies
622 866 686 920 toto
694 861 874 921 venerabilis
886 881 960 936 sevo,
1044 921 1049 932 ,

383 958 450 1029 Qua
463 977 542 1017 nove
554 959 591 1018 de
600 959 675 1041 'ceelo
693 959 790 1037 gretie
802 958 888 1019 fulsit
900 959 1001 1043 humo.

736 1054 860 1116 Ultores.
903 1057 999 1116 Salve.

285 1196 315 1258 V.
339 1178 470 1272 Spiritus
482 1213 547 1253 eece
560 1194 643 1253 Deus
657 1194 796 1272 †priveto
810 1215 868 1274 que
881 1197 962 1274 quo†
974 1195 1047 1274 ejus,

373 1291 457 1370 Ignis
471 1292 555 1350 adest
567 1291 663 1368 specie
676 1291 826 1369 discipulis
839 1292 935 1351 hodie.

735 1387 858 1449 Choes.
902 1388 1000 1448 Solve.

283 1526 314 1584 V.
338 1525 493 1583 Mentibus
505 1523 645 1583 humanis
657 1524 770 1583 infudit
787 1544 857 1603 opes
869 1525 999 1600 deitatis,

380 1620 412 1677 A
426 1619 517 1678 Putre
530 1620 698 1697 procedens,
713 1621 838 1698 mystica
850 1621 929 1680 dens
940 1622 1047 1681 ferens.

737 1717 858 1779 Ultores.
902 1718 998 1779 salve.

284 1855 315 1917 V.
338 1857 409 1916 Non
423 1863 516 1914 cessat
529 1857 621 1916 variis
635 1856 749 1924 Christi
761 1857 911 1937 magnalis
923 1856 1042 1936 linguis,

379 1953 469 2012 Plebs
482 1953 639 2013 benedicte
649 1954 772 2030 loquens
785 1955 924 2032 gentibus
937 1953 1111 2033 omnigenis.

737 2051 859 2112 Cleonis.
902 2051 996 2110 Salve

281 2188 311 2249 V.
334 2188 413 2247 Laus
426 2188 492 2259 tibI,
501 2177 579 2246 'vitae
593 2188 729 2247 Pneume
741 2208 857 2248 socrum
870 2188 946 2263 fons,
962 2189 1017 2248 lux
1030 2188 1208 2265 animarum,

379 2286 488 2345 Omnia
502 2287 657 2345 vivificans
671 2305 786 2364 semper
799 2292 830 2345 et
843 2286 999 2348 irradians.

736 2384 858 2445 otone.
902 2385 997 2444 Salve.

281 2529 311 2588 V.
334 2529 399 2588 Pax
413 2530 496 2588 Deus
510 2530 732 2602 omnebonum,
747 2530 842 2590 duleis
855 2531 1012 2591 concordis
1023 2550 1153 2608 morum,

377 2627 472 2703 Reple
485 2627 573 2686 corde
585 2609 639 2685 tuo
652 2647 776 2687 munere
788 2629 941 2690 mellifluo.

737 2721 855 2783 Oleros.
899 2724 996 2785 Salve.

281 2866 311 2926 V.
335 2865 487 2926 Poscimus
500 2866 696 2946 omnipotens,
710 2872 829 2942 tenum,
843 2889 933 2945 mere,
947 2870 1043 2930 sidera
1056 2870 1183 2950 replens,

375 2964 439 3023 Nos
452 2964 510 3022 tibi
526 2964 658 3042 purifica,
672 2970 801 3043 protege,
816 2966 942 3026 vivifica.

733 3062 856 3124 Chones.
899 3064 995 3124 Salve.

280 3196 309 3258 V.
332 3196 454 3270 Intimi,
471 3196 609 3272 Domine,
623 3199 662 3259 sd
674 3205 862 3278 praegustatae
876 3200 1003 3280 sophie,
1030 3274 1032 3277 ι

376 3294 443 3365 Qua
456 3294 570 3354 redolet
584 3295 737 3355 cherubim
750 3297 909 3374 praedictus
922 3297 994 3356 ordo
1007 3297 1073 3357 Dei

733 3391 853 3454 Otene.
897 3393 992 3454 Salve.
1110 3404 1122 3421 '

279 3524 310 3583 V.
334 3524 447 3583 Nostra
460 3525 508 3603 pie
521 3531 626 3605 tanget
639 3527 776 3606 seraphin
789 3530 985 3589 carbunculus
998 3550 1059 3606 ors,

375 3622 424 3681 Ut
436 3643 519 3681 mens
532 3631 675 3701 perpetuo
687 3626 793 3705 flagret
806 3647 905 3689 amore
917 3633 979 3688 tuo.

732 3723 853 3786 Oleros.
896 3726 992 3786 Salve.

171 3868 221 3928 Ae
233 3865 390 3929 introitum
403 3868 514 3928 dieitur
526 3869 578 3930 Iroe
591 3869 819 3948 Respoeeoriem
829 3896 840 3932 .-

172 3966 385 4044 Loquebsntur
396 3966 487 4025 variis
508 3967 619 4045 linguis
631 3968 780 4047 Apostoli,
795 3970 930 4047 alleluya,
944 3970 1094 4050 magnalis
1114 3971 1183 4033 Dei.
1228 3974 1277 4034 Pu

111 4061 240 4139 Spiritus
256 4062 382 4122 Sanetus
395 4062 486 4121 debet
496 4064 595 4141 eloqui
609 4064 677 4137 illie,
691 4065 827 4143 alleluya.
870 4066 991 4144 Repleti
1004 4072 1077 4126 sunt
1085 4087 1191 4130 omnes
1207 4071 1277 4151 Spir

111 4157 219 4220 Sancto
232 4165 264 4220 et
276 4165 429 4238 coeperunt
441 4159 532 4238 loqui.
573 4161 676 4221 Prout

310 4338 323 4363 '⁶
341 4336 394 4385 The
405 4337 503 4398 melody
512 4337 534 4385 is
544 4338 584 4385 the
595 4352 659 4386 seme
669 4352 697 4386 es
708 4340 796 4388 before.
975 4343 989 4403 †
1003 4341 1043 4390 Sic
1058 4341 1118 4391 libri.
