2850 4800
483 245 533 352 la
552 284 616 352 Die
636 285 838 352 Parasceces.
1200 291 1262 354 109

59 470 268 532 cnncanimal
281 468 505 542 benedictione3
524 468 648 527 benedic
662 473 693 527 ct
706 468 857 526 sanctifica
877 469 952 527 hanc
971 475 1137 528 creaturam
1151 469 1220 528 salis
1232 477 1264 528 et

48 569 156 644 ·carnis,
171 573 209 627 ut
230 568 320 626 nobis
341 566 420 625 dona
436 572 490 624 tua
511 566 695 624 sumentibus
717 567 823 624 animae
838 572 868 625 et
882 566 1011 644 corporis
1029 568 1187 625 sanitatem
1199 586 1265 643 pro-

10 718 18 754 :
59 667 146 745 pitius
160 665 317 726 concedas.
358 664 418 723 Per
431 663 596 722 Dominum
609 668 746 720 nostrum
760 664 782 721 J
783 683 866 720 esum
881 663 1042 722 Christum.

10 818 17 852 l
377 845 381 851 .

220 877 412 935 annwno
432 875 709 935 Eaunuosuraauu
729 892 788 934 rao
809 892 923 935 sinuas
942 877 1101 937 V1voauu.

12 1002 26 1067 tl
116 1007 318 1083 Omnipotens
352 1005 529 1082 sempiterne
563 1006 653 1077 Deus,
683 1012 798 1064 creator
826 1008 960 1064 omnium
993 1008 1204 1066 elementorum
1234 1015 1264 1067 et

56 1105 262 1177 sanctificatio,
272 1104 326 1182 qui
338 1123 369 1162 ee
383 1104 516 1162 Trinitas
529 1110 560 1167 et
573 1105 695 1177 Unitas,
707 1124 862 1181 precamur
875 1111 913 1175 te,
924 1105 1150 1164 clementissime
1165 1106 1263 1179 Pater,

56 1208 91 1260 ut
104 1201 294 1277 eleemosyna
316 1200 375 1258 ista
398 1219 452 1276 per
473 1200 705 1258 misericordiam
725 1206 810 1258 tuam
829 1207 949 1278 accepta
964 1202 1020 1260 tibi
1035 1203 1075 1260 sit
1087 1223 1141 1279 pro
1154 1203 1264 1261 famulo

10 1314 14 1383 Ξ,
56 1305 111 1357 tuo
123 1298 180 1369 N„
191 1302 222 1356 et
232 1298 273 1355 sit
286 1296 452 1355 benedictio
466 1302 520 1353 tua
532 1316 621 1372 super
641 1297 704 1354 hacc
719 1297 819 1354 omnia
832 1297 909 1354 dona
924 1303 984 1354 tua.
1028 1299 1087 1356 Per
1100 1299 1264 1357 Dominum

10 1400 12 1405 '
55 1399 205 1452 nostrum.

274 1522 465 1581 Baunmcrio
486 1522 763 1580 Ennnuosuussuu
784 1539 842 1580 rao
863 1523 1049 1582 Duruucris.

119 1649 306 1708 Abscondite
320 1649 542 1726 eleemosynam.

120 1746 222 1824 Kyrie
235 1747 361 1822 eleyson.
405 1745 523 1804 Christe
536 1745 663 1823 eleyson.
707 1746 804 1824 Kyrie
819 1747 943 1824 eleyson.

120 1845 215 1903 Pater
228 1848 335 1901 noster.
378 1842 421 1900 Et
434 1861 472 1900 ne
485 1861 546 1901 nos.

120 1941 271 2018 Requiem
285 1946 444 1998 aeternam.-

123 2040 157 2096 A
169 2044 257 2116 porta
270 2036 365 2097 inferi.

123 2131 220 2190 Credo
233 2130 333 2188 videre
346 2130 432 2187 bona.

124 2227 255 2285 Domine
269 2226 384 2284 exaudi.

125 2322 272 2383 Dominus
285 2322 446 2380 vobiscum.
488 2322 609 2379 Etcum
624 2320 733 2397 spiritu
747 2327 809 2380 tuo.

124 2419 258 2478 Oramus.
303 2418 412 2478 Oratio.

124 2517 275 2593 Deprecor
287 2521 327 2588 te,
343 2515 472 2572 Domine
486 2514 568 2572 Deus
589 2514 782 2592 omnipotens,
799 2522 834 2572 ut
851 2516 938 2572 istam
953 2515 1167 2591 eleemosynam
1181 2515 1267 2571 bene-

63 2618 159 2675 dicere
173 2621 205 2672 et
219 2613 403 2671 sanctificare
417 2606 545 2688 digneris
559 2632 612 2688 pro
627 2613 726 2668 anima
734 2612 838 2669 famuli
852 2613 899 2669 tui
912 2614 952 2668 N.
969 2618 1003 2668 ut
1018 2612 1111 2668 vitam
1125 2617 1266 2670 aeternam

63 2714 171 2771 habere
185 2716 334 2768 mereatur
348 2710 380 2765 in
394 2710 479 2767 caelis.
523 2710 581 2766 Per
594 2709 758 2766 Dominum
772 2716 912 2767 nostrum.

126 2808 238 2867 Oratio.

10 2976 11 2981 ἵ
123 2907 217 2978 Deua,
232 2905 284 2981 qui
299 2904 549 2979 eleemosynarum
564 2903 774 2961 distributione
793 2904 919 2960 docuisti
936 2910 1055 2980 pecccata
1069 2903 1175 2976 delere,
1190 2904 1283 2961 hanc.

17 2989 23 2997 ’
62 3005 279 3079 eleemosynam
302 3020 356 3076 pro
380 3000 479 3058 anima
501 3000 606 3056 famuli
624 3000 670 3055 tui
690 2999 728 3056 N.
752 3000 875 3076 suscipe,
891 3007 921 3057 et
941 3000 1014 3057 lucis
1035 3001 1062 3058 ei
1083 3000 1220 3058 laetitiam
1233 3001 1267 3057 in

62 3102 182 3178 regione
197 3107 367 3157 sanctorum
381 3105 502 3155 tuorum
516 3099 655 3155 societate
669 3098 801 3154 concede.
846 3098 903 3154 Per
918 3098 1089 3155 Dominum.

502 3304 541 3359 Iu
563 3303 626 3360 Dra
648 3301 872 3360 Psssscnvssf*

123 3454 166 3510 Ia
180 3453 226 3510 die
241 3453 413 3510 Parasceues
426 3453 485 3509 clao
500 3450 663 3525 Presbyteri
677 3450 768 3506 abactis
777 3450 911 3525 praeibas
925 3449 1005 3507 cruci
1019 3449 1120 3508 dicarat
1133 3473 1141 3508 .·

128 3550 246 3626 Popule
259 3570 352 3620 meus,
369 3549 441 3625 quid
454 3547 510 3605 feci
523 3548 579 3603 tibi
594 3554 647 3603 aut
660 3547 693 3602 in
706 3567 765 3622 quo
780 3546 954 3603 contristavi
968 3552 1007 3617 te,
1022 3547 1164 3622 responde
1178 3545 1251 3601 mihi
1264 3566 1272 3615 ;

65 3649 140 3723 quia
155 3647 247 3704 eduxi
261 3655 292 3703 te
306 3647 338 3702 in
353 3646 388 3702 de
403 3652 482 3702 tenu
497 3643 632 3720 AEgypti,
647 3645 758 3719 parasti
772 3664 887 3701 crucem
901 3643 1041 3700 salvatori
1054 3648 1114 3701 tu0.

128 3745 202 3801 Dua
216 3743 374 3811 Diaeoai†
390 3741 518 3799 talleis
532 3741 623 3799 arrectis
632 3741 756 3816 pertitus
769 3741 802 3798 irc
817 3740 908 3798 teredio
925 3738 1012 3797 Olora'
1026 3737 1216 3812 respondeant
1231 3744 1273 3794 ter

58 3845 205 3919 flectendo
218 3863 313 3918 yeaaa
326 3867 334 3899 .·
1207 3902 1208 3905 Ἴ

130 3943 225 4017 Agios
240 3940 265 3997 O
282 3938 386 4009 Theca,
404 3939 497 4014 Agios
516 3935 950 4015 Isky1·os,AgioaAthanat03,
967 3933 1084 4007 eleyson
1098 3949 1188 4006 ymas

132 4038 248 4097 Ultores
263 4047 305 4096 ter
311 4036 452 4111 flectendo
466 4036 564 4095 dicat:

132 4136 260 4193 Sanctus
275 4135 365 4206 Deus,
378 4139 496 4191 sanctus
509 4132 604 4202 fortia,
620 4139 738 4190 sanctus
751 4139 782 4189 et
796 4129 981 4199 immortalis,
997 4126 1135 4183 miserere
1148 4124 1240 4181 nobis.

220 4289 232 4313 θ
250 4287 303 4330 The
313 4285 384 4331 Plain
396 4286 475 4332 ouant
486 4284 511 4331 of
521 4283 572 4330 this
584 4284 658 4330 Officc
669 4286 720 4331 will
730 4287 759 4330 bc
770 4282 847 4330 lound
857 4283 884 4326 in
894 4283 935 4327 the
947 4279 1122 4327 Processional.

220 4371 233 4428 †
249 4370 288 4414 Sir
299 4370 320 4415 J.
334 4369 459 4415 Lawson's
467 4371 565 4416 MS.-“
573 4373 625 4418 Dar
636 4368 766 4429 Presbyteri
776 4366 812 4414 cel
820 4364 941 4413 Diaccni.”
