2850 4800
110 271 173 337 34·
462 267 809 334 Manualeoduoum
820 268 958 335 Sarum.

127 595 134 607 .
160 432 377 608 ,gooilinieliiitur
389 514 455 585 tibi,
470 514 608 586 Domine,
622 513 723 571 omnin
736 532 826 591 opere
837 518 901 587 tue,
916 520 947 571 et
959 515 1058 573 mnoti
1073 516 1124 573 tui
1145 516 1312 577 benedionnt

109 596 275 733 tlbllilerio
289 673 382 732 Patri.
426 674 510 731 Sicut
525 680 597 731 orat.

172 770 285 828 Deirule
298 770 378 827 diceet
391 768 530 827 Sacerdos
545 768 740 844 Capitulum:

172 852 301 927 Agimus
322 850 380 906 tibi
400 850 519 925 gratiss,
534 850 720 924 omnipotens
733 849 824 922 Dens,
840 869 893 926 pro
906 849 1057 908 universis
1077 852 1231 911 benefieiis
1248 852 1307 923 tuis,

111 932 165 1008 qui
177 932 255 988 vivis
268 936 300 988 et
313 949 416 1005 regnas
430 930 512 986 Deus
525 949 578 1004 per
591 930 690 986 omnin
703 929 810 987 saeoulo
822 930 1004 989 saeoulornm
1052 932 1167 991 Amen

173 1038 287 1095 Deinde
301 1036 418 1094 dicotur
430 1055 549 1109 seqreene
561 1034 708 1110 Probum,
722 1034 874 1094 Sacerdote
886 1036 1043 1112 incipiente
1056 1061 1067 1096 :

174 1118 309 1174 Laudato
323 1117 494 1187 Dominum,
510 1135 611 1173 omnes
623 1122 726 1191 gentes
734 1135 743 1187 ;
763 1116 883 1173 laudate
896 1136 974 1188 eum,
989 1135 1094 1175 omnes
1106 1118 1220 1195 populi.

175 1198 324 1267 Quoniam
358 1196 530 1253 confirmata
556 1202 603 1253 ost
629 1216 717 1271 snper
743 1216 798 1253 nos
823 1197 1023 1255 misericordia
1057 1199 1125 1274 ejus
1153 1206 1185 1257 et
1210 1216 1302 1257 nomen

115 1278 239 1335 Domini
253 1283 353 1334 monet
367 1277 400 1332 in
413 1283 565 1333 aeternrnn.

177 1358 278 1415 Gloria
293 1358 385 1413 Petri.
429 1358 513 1413 Siout
526 1363 598 1413 erat.

177 1438 273 1513 Kyrio
287 1438 411 1512 eleyson.
455 1436 572 1493 Christe
586 1436 713 1512 eleyson.
756 1436 853 1513 Kyrie
866 1436 994 1513 eleyson.

177 1519 268 1575 Potor
281 1526 388 1574 noster.
432 1517 474 1572 Et
487 1536 525 1573 no
538 1536 599 1573 nos.
643 1517 701 1575 Sed
715 1517 815 1575 libera.

177 1598 334 1672 Dispersit,
348 1597 431 1653 dedit
443 1598 621 1671 pauperibus
634 1617 640 1654 :

217 1677 238 1734 J
240 1678 344 1734 ustitia
357 1678 420 1751 elus
433 1684 535 1734 menet
547 1678 581 1733 in
593 1677 733 1734 soeculum
746 1677 854 1735 saeorrli.

178 1757 355 1814 Benedioam
370 1758 533 1814 Dominum
547 1757 580 1813 in
593 1758 675 1815 omni
687 1764 838 1834 tempore:

219 1838 340 1913 Semper
353 1838 417 1893 laus
431 1838 455 1912 ej
460 1857 495 1894 ns
508 1837 541 1893 in
554 1857 604 1894 ore
617 1856 690 1894 meo.

178 1919 216 1975 Iu
232 1919 361 1974 Domino
375 1917 545 1974 laudabitur
558 1919 658 1975 anima
671 1936 755 1974 meo:

218 1999 356 2055 Audiant
370 1998 518 2054 mansueti
531 2005 561 2055 et
575 1999 721 2055 laetontur.

180 2079 369 2153 Mogmifiosto
384 2079 548 2135 Dominum
562 2098 695 2135 meeum:

219 2160 260 2215 Et
274 2159 437 2215 exultemus
451 2178 559 2214 nomon
573 2160 636 2233 ejus
650 2159 683 2215 in
696 2158 833 2234 idipsum.

180 2240 227 2296 Sit
240 2259 349 2296 nomon
363 2239 486 2295 Domini
498 2240 704 2295 benedictum:

220 2320 269 2375 Ex
282 2321 337 2376 hoo
351 2338 430 2376 nune
443 2325 474 2375 et
487 2339 580 2394 usquo
593 2320 626 2375 in
640 2319 788 2377 soeculum.

178 2416 293 2473 Deinde
307 2415 387 2472 (lieret
400 2414 538 2472 ›S'crcerdos
547 2439 557 2473 :
578 2414 710 2474 (iremus

180 2497 356 2552 Retribuoro
380 2496 510 2570 dignene,
527 2494 655 2551 Domino
675 2495 766 2565 Deus,
781 2495 917 2552 omnibus
937 2495 1023 2552 nobis
1044 2496 1125 2554 bona
1146 2498 1317 2557 fouentibus

119 2583 240 2653 proptor
253 2596 361 2632 nomon
375 2581 510 2631 sanetum
524 2581 610 2631 tuum
623 2576 719 2632 vitam
732 2582 881 2633 oeternum.
923 2577 1032 2633 Amen.

181 2657 393 2713 Bonodieamus
408 2655 544 2712 Domine.
589 2656 653 2712 Deo
666 2656 783 2732 gratius.

179 2753 292 2810 Deinde
314 2752 393 2808 diuet
417 2750 556 2809 Sacerdos
579 2752 614 2808 de
639 2761 743 2809 saneto
766 2752 871 2809 Murio
893 2752 1027 2826 aliquam
1052 2752 1267 2830 Antiphonem
1287 2756 1322 2813 od

113 2834 261 2909 placituro
281 2853 348 2889 oum
368 2832 520 2890 Versieulis
541 2841 568 2888 ot
591 2831 729 2889 Oratione
746 2833 782 2890 de
794 2834 900 2904 eadere,
914 2853 980 2906 quoe
999 2833 1095 2908 ueoyie
1118 2838 1248 2912 tenuiori
1268 2856 1322 2897 oon-

119 2914 245 2971 oeuiout.
291 2913 403 2982 Quibus
416 2913 510 2983 dietis,
527 2912 645 2969 dicutur
655 2932 711 2986 pro
719 2913 859 2987 fidelibus
871 2912 1023 2988 defunctio.

181 3009 327 3066 Psolrnus.
371 3009 418 3065 Do
432 3008 585 3084 profundis
599 3007 707 3083 (curru
713 3009 729 3083 )

180 3089 283 3145 ffliuito
297 3089 415 3147 l'eulmo
425 3110 485 3146 uon
499 3090 617 3147 dicotur
631 3089 734 3146 Gloria
747 3089 841 3162 Patri,
856 3090 906 3148 sed
918 3090 1019 3147 etuti-m
1030 3100 1186 3165 sequeitur.

183 3170 280 3242 Kyrio
293 3169 417 3243 oloyson.
463 3170 580 3226 Christe
593 3170 720 3244 eleyson.
763 3170 861 3244 Kyrie
874 3170 1000 3245 eleyson.

184 3248 275 3304 Potor
288 3255 394 3305 nostor.
438 3250 479 3306 Eo
493 3269 530 3305 no
544 3269 605 3305 nos.
648 3249 706 3306 Sed
719 3250 819 3307 libero..

184 3329 331 3403 Requiom
346 3335 486 3386 rotomum
500 3330 576 3386 dona
590 3330 640 3400 eis,
656 3330 801 3388 Domine:

224 3410 265 3465 Et
278 3409 331 3465 lux
345 3421 486 3485 perpetua
499 3409 596 3466 luceat
610 3410 659 3466 eis.

184 3489 216 3547 A
228 3496 314 3565 porta
327 3490 415 3546 inferi
428 3511 434 3546 :

225 3571 314 3642 Erue,
330 3571 466 3641 Domine,
480 3570 594 3626 animas
608 3590 717 3627 eorum.

185 3652 280 3709 Credo
293 3652 393 3708 vidoro
406 3652 484 3707 bona
497 3651 621 3706 Domini
634 3671 640 3706 ε

225 3733 265 3787 In
278 3739 359 3788 terre
371 3731 545 3789 viventium.

184 3812 332 3870 Dominus
346 3813 506 3868 vobiscum.
550 3810 590 3867 Et
605 3829 672 3867 oum
685 3810 794 3886 spiritu
808 3816 868 3867 tuo.

186 3893 318 3951 Oremus,
364 3892 472 3950 Oratio.
542 3908 547 3919 '

184 3973 326 4045 Absolvo,
352 3991 528 4048 quaesumus,
556 3972 693 4043 Domine,
729 3971 843 4028 animas
875 3969 1055 4027 famulorum
1089 3971 1322 4051 famularumque

123 4060 253 4125 tuarum,
281 4060 447 4127 parentum,
475 4052 727 4127 parochianorum,
756 4052 917 4108 amicorum
946 4056 977 4108 et
1010 4050 1242 4114 benefactorum
1268 4074 1322 4113 nos·

124 4141 247 4204 trorum,
272 4140 302 4189 ot
324 4134 457 4189 omnium
484 4133 616 4189 fidelium
644 4133 856 4204 defunctorum,
871 4137 907 4188 ut
929 4131 963 4188 in
985 4136 1219 4195 resurrectionis
1239 4135 1322 4213 glorie

123 4215 203 4271 inter
216 4220 332 4269 sanctos
346 4220 376 4270 et
390 4214 496 4269 eleetos
510 4220 577 4269 tuos
597 4213 764 4270 resuscitati
783 4212 936 4289 respirent.
980 4210 1040 4269 Por
1054 4211 1216 4275 Christum
1229 4214 1311 4275 Domi

125 4314 199 4351 num
212 4300 354 4349 nostrum.
398 4295 504 4350 Arnon.

186 4374 385 4447 Requioseont
397 4374 430 4430 in
443 4394 521 4450 paee.
566 4374 673 4432 Amen.
