2850 4800
186 278 206 338 2
395 276 482 343 Ordo
504 277 551 342 ud
571 276 780 343 Faciendum
801 278 941 363 Aquam
960 279 1184 346 Benedietone.

184 458 245 517 suis
259 460 449 535 apostaticis3
468 479 522 535 per
539 459 684 517 virtutem
702 460 834 536 ejusdem
852 461 977 519 Domini
994 463 1099 537 nostri,
1114 464 1190 522 Jesu
1204 450 1327 538 Christi,
1343 468 1395 544 qui

184 563 328 614 venturus
342 563 387 614 est
395 557 531 633 judicare
544 555 629 613 vivos
642 562 673 614 et
687 562 818 614 mortuos
832 563 863 614 et
876 558 1016 616 saeculum
1029 560 1205 635 perignem.
1249 562 1361 621 Amen.

246 653 380 710 Oramus.

244 749 336 820 Deae,
354 747 406 823 qui
426 749 464 805 ad
484 747 611 804 salutem
630 746 755 804 humani
774 748 889 824 generis
909 749 1041 806 maxima
1061 770 1186 827 quaeque
1206 760 1390 812 sacramente

181 846 215 902 in
236 865 381 922 aquarum
401 845 567 903 substantia
588 844 755 918 condidisti,
774 844 878 910 ¹adesto
898 847 1046 922 propitius
1067 849 1309 909 invocationibus
1328 871 1390 911 nos

181 942 256 1014 tris3
276 948 306 999 11
324 943 469 999 elemento
486 941 566 1012 huic,
584 941 734 1016 Respiciet
751 941 892 1000 Sacerdos
913 963 1030 1018 aquam,
1053 945 1238 1003 multimodis
1255 947 1388 1023 purifica·

178 1038 311 1097 tionibus
331 1044 494 1114 praeparato
516 1037 660 1094 virtutem
681 1043 741 1094 tuae
762 1036 1025 1118 beneffldictionis
1045 1041 1178 1112 infunde,
1197 1049 1234 1100 ut
1253 1049 1386 1103 creatura

179 1142 233 1193 tua
259 1136 397 1210 mysteria
423 1135 485 1191 tuis
512 1135 569 1191 tibi
596 1134 727 1191 serviens
754 1134 792 1191 ad
819 1135 1000 1210 abjiciendos
1031 1138 1178 1195 daemones
1211 1141 1385 1217 morbosque

179 1233 329 1308 pellendos
348 1232 457 1290 divinare
476 1232 579 1308 gratim
597 1237 695 1288 sumat
713 1231 859 1302 effectum,
874 1238 910 1289 ut
928 1234 1070 1310 quicquid
1086 1235 1119 1290 in
1137 1235 1275 1293 domibus
1292 1237 1341 1295 vel
1353 1237 1385 1295 in

178 1330 250 1387 locis
263 1331 396 1387 fidelium
409 1331 471 1386 haec
489 1329 571 1385 unda
584 1329 764 1404 resperserit,
780 1334 878 1386 careat
892 1331 972 1386 omni
990 1331 1190 1403 immunditia,
1209 1332 1354 1392 liberetur
1368 1354 1385 1392 a

178 1445 274 1483 noxa:
295 1446 356 1483 non
369 1426 430 1484 illic
444 1408 570 1481 resideat
583 1425 705 1500 spiritus
725 1424 875 1499 pestilens,
890 1444 951 1481 non
965 1446 1038 1483 aura
1052 1446 1263 1504 corrumpens,
1277 1430 1385 1488 disced-

178 1528 232 1578 ant
245 1542 345 1579 omnes
366 1521 480 1578 insidiae
502 1520 623 1577 latentis
643 1520 766 1591 inimici,
783 1525 813 1576 et
833 1519 860 1576 si
880 1519 953 1596 quid
966 1526 1012 1577 est
1025 1523 1105 1596 quod
1118 1529 1172 1580 aut
1184 1524 1384 1584 incolumitati

177 1619 379 1675 habitantium
399 1617 514 1673 invidet
535 1623 588 1673 aut
605 1615 708 1691 quieti,
723 1616 889 1690 aspersione
907 1615 996 1691 hujus
1014 1636 1097 1692 aquae
1114 1618 1247 1695 effugiat,
1261 1626 1298 1678 ut
1311 1621 1384 1679 salu-

177 1715 271 1770 britas
294 1733 347 1788 per
368 1712 587 1768 invocationem
613 1710 660 1767 tui
686 1711 817 1767 nominis
845 1712 977 1787 expetite
1004 1713 1042 1769 ab
1069 1713 1207 1771 omnibus
1229 1714 1382 1793 impugne-

176 1810 307 1866 tionibus
321 1810 361 1866 sit
375 1809 501 1864 defensa.
546 1808 605 1864 Per
619 1807 771 1864 Christum
787 1807 951 1864 Dominum
964 1814 1107 1866 nostrum.
1150 1810 1261 1869 Amen.

237 1915 417 1972 Deindet
357 1917 417 1987 fiet
431 1912 565 1970 1111111111
567 1911 594 1968 10
555 1910 719 1968 tantist
693 1920 719 1969 et
733 1930 818 1986 oquae
835 1931 889 1986 per
901 1931 1025 1968 1111111111
1038 1911 1203 1971 Sacerdotis
1216 1915 1251 1972 ire
1264 1916 1381 1974 erodunt

178 2013 279 2083 111111,
295 2011 356 2068 dice
358 2011 415 2067 rado
430 2009 573 2066 subnaissu
587 2028 672 2066 uoce:

237 2108 418 2168 commixtio
439 2107 507 2164 salis
528 2112 559 2162 et
579 2125 662 2181 aquae
680 2105 791 2182 pariter
809 2105 869 2163 fiat.
913 2106 952 2162 In
970 2106 1090 2164 nomine
1105 2107 1206 2166 Patris
1220 2079 1251 2166 et
1265 2109 1346 2166 Filii·
1351 2116 1380 2168 et

176 2208 306 2286 Spiritus
320 2207 429 2264 Sancti
471 2206 578 2263 Amen

236 2305 384 2363 Dominus
396 2302 558 2360 vobiscum.
601 2299 642 2355 Et
656 2317 724 2355 cum
737 2298 846 2374 spiritu
858 2304 920 2355 tuo.

236 2403 368 2461 Oremus.

235 2501 325 2571 DeuS,
340 2499 460 2555 invictae
473 2495 596 2554 virtutis
610 2499 722 2566 auctor,
736 2498 767 2550 ct
787 2493 995 2569 insuperabilis
1009 2494 1126 2570 imperii
1140 2515 1204 2568 rex,
1219 2515 1253 2553 ac
1266 2515 1379 2574 semper

172 2599 346 2674 magnificus
367 2594 576 2669 triumphator,
591 2592 645 2668 qui
666 2591 796 2648 adversae
821 2591 1031 2649 dominationis
1054 2593 1132 2650 vires
1155 2594 1304 2670 reprimis,
1328 2594 1378 2671 qui

170 2693 286 2750 inimici
300 2689 445 2764 rugientis
466 2688 611 2744 saevitiam
630 2706 757 2763 superas,
772 2686 826 2761 qui
842 2687 964 2744 hostiles
982 2689 1130 2763 nequitias
1150 2696 1258 2764 potens
1271 2710 1377 2768 expug-

170 2807 225 2844 nas
238 2806 248 2859 3
270 2792 309 2858 te,
324 2785 461 2853 Domine,
475 2788 635 2839 trementes
649 2790 680 2840 11
693 2783 839 2859 supplices
853 2784 1043 2859 deprecamur
1056 2804 1090 2842 ac
1103 2786 1242 2861 petimus,
1256 2788 1375 2845 uthans
1405 2852 1409 2857 ,

169 2889 344 2956 creaturam,
368 2880 428 2938 Hic
447 2880 584 2955 respiciat
604 2879 743 2939 Sacerdos
763 2901 874 2955 aquom
900 2881 960 2939 sole
987 2883 1120 2955 otiatura,
1148 2884 1218 2941 salis
1241 2890 1275 2943 et
1294 2904 1374 2962 aquae

169 2981 328 3057 dignanter
341 2976 473 3052 accipias,
491 2975 825 3055 benignusfflillustres,
845 2977 966 3054 pietatis
984 2984 1044 3035 tuae
1061 2999 1142 3037 more
1160 2980 1372 3061 sanctifflfices,

167 3083 204 3135 ut
217 3078 386 3151 ubicunque
405 3075 497 3131 fucrit
516 3093 641 3149 aspersa,
656 3093 709 3150 per
726 3074 945 3132 invocationem
965 3077 1062 3133 sancti
1075 3077 1205 3135 nominis
1218 3079 1268 3136 tui
1280 3080 1374 3137 omnis

166 3175 318 3232 infestatio
348 3171 496 3230 immundi
527 3171 650 3247 spiritus
681 3170 847 3247 abjiciatur,
877 3178 1031 3249 terrorque
1061 3175 1203 3233 venenosi
1229 3177 1374 3254 serpentis

165 3272 268 3348 procul
282 3271 420 3347 pellatur,
434 3275 464 3326 et
484 3269 644 3345 praesentia
665 3267 767 3324 Sancti
788 3268 917 3344 Spiritus
937 3270 1024 3327 nobis
1044 3272 1276 3331 misericordiam
1290 3280 1385 3332 tuam·

165 3367 354 3442 poscentibus
375 3366 486 3440 ubique
508 3364 609 3421 adesse
633 3363 792 3439 dignetur:
821 3363 879 3421 Per
906 3364 1071 3423 Dominum
1096 3374 1242 3442 nostrum,
1268 3369 1373 3429 Jesum

166 3465 328 3536 Christum,
350 3463 463 3520 Filium
483 3468 579 3533 tuum,
604 3460 664 3530 Qui
678 3467 777 3517 tecum
791 3461 872 3518 vivit
892 3469 923 3519 et
936 3471 1041 3539 regnat
1054 3465 1087 3521 in
1102 3465 1219 3524 unitate
1240 3467 1372 3544 ejusdem

165 3562 295 3638 Spiritus
309 3561 411 3618 Sancti
424 3561 517 3631 Deus,
539 3559 598 3616 Per
611 3558 712 3640 omnia
724 3559 830 3616 saecula
844 3562 1024 3620 saeculorum.
1068 3563 1177 3622 Amen.

227 3685 299 3742 Fiat
289 3683 439 3759 taspersio
454 3702 545 3757 eques.

163 3801 1371 3992 Q&

233 4013 300 4067 As·
290 4026 383 4083 -·per
391 4023 441 4081 ges
475 4021 530 4073 me,
560 4001 632 4058 Do·
620 4002 707 4059 ·mi-
695 4022 761 4075 -ne,
784 4003 854 4079 hys·
844 4023 904 4062 --so
908 4024 954 4081 po,

247 4335 457 4393 la.va.b15
511 4352 567 4405 me,
607 4339 637 4390 et
692 4352 815 4409 su-per
841 4353 967 4392 n1·vem
1009 4337 1046 4394 de
1076 4371 1086 4380 -
1116 4338 1346 4402 al-bs-bor.
