2850 4800
118 286 180 355 76⁸
468 282 813 351 Mauretaniarum
825 284 971 353 aarum

177 448 299 508 Secreta.
343 448 433 521 Deus,
449 450 533 525 cujus
545 449 760 525 misericordiae,
775 458 803 509 ct
815 458 916 525 ccicc,
932 459 971 511 at
985 470 1095 529 aspro,
1110 470 1141 529 p.
1158 450 1229 513 ⁷³³.

178 528 419 588 Pcstcommuuio.

178 607 299 680 Praesta,
311 628 487 685 quaesumus,
499 608 687 685 omnipotens
699 616 731 668 et
743 610 908 669 misericors
923 610 1022 685 Deus,
1034 617 1076 671 ut
1090 613 1201 671 enimse
1212 610 1320 671 finum

117 694 149 745 et
162 706 294 744 sororum
315 696 484 746 nost-rarum
504 689 764 765 congregationum
776 708 831 766 pro
843 690 959 767 quibus
971 692 1033 751 hoc
1047 692 1233 751 sacrificium
1242 690 1320 751 laudit

117 776 177 824 tuoe
191 768 353 825 obtulimus
370 768 528 845 majestati,
542 788 595 845 per
608 769 698 845 hujus
710 770 888 829 sacramenti
899 770 1058 831 virtutem
1072 792 1094 831 a
1105 772 1237 849 peccatis
1247 770 1319 831 omni·

117 848 172 903 bus
186 848 312 923 expiatio
326 848 400 905 lucis
413 855 569 924 perpetuae,
584 854 615 907 te
629 850 796 921 miserante,
810 849 961 926 recipiant
974 852 1215 911 beatitudiuem.
1253 850 1309 911 Pet.

180 928 296 997 Quarto
311 927 412 985 Oratio
421 949 478 1003 pro
486 928 661 1004 parentibus
674 938 700 987 ct
713 929 952 1004 tcrwfoctoribas.

179 1008 374 1083 Omnipotens
394 1015 426 1066 et
444 1009 609 1067 misericors
622 1009 714 1081 Deus,
727 1010 817 1067 unica
828 1009 908 1067 salus
920 1012 1132 1087 mortalium
1151 1018 1184 1071 te
1196 1010 1318 1089 supplic!

117 1108 274 1145 exoramus
287 1108 341 1165 pro
354 1088 509 1145 animabus
525 1088 704 1147 famulorum
720 1089 960 1165 famularumque
978 1096 1123 1164 tuarum,
1137 1094 1317 1171 parentum

116 1169 334 1226 benefactorum
348 1174 526 1240 nostrorum,
541 1174 585 1241 ut,
596 1169 796 1228 intercedente
808 1170 897 1229 beata
905 1168 969 1227 Dei
981 1173 1147 1247 genetrice
1160 1172 1257 1231 Maria
1266 1188 1316 1229 com

117 1249 254 1306 omnibus
267 1249 376 1306 sanctis
388 1249 459 1319 tuis,
473 1254 660 1323 peccatorum
677 1249 719 1307 eis
736 1249 838 1327 largiri
854 1248 991 1326 digneris
1007 1251 1248 1331 indulgentiam,
1258 1248 1315 1309 etin

117 1330 276 1389 novissimo
290 1329 338 1387 die
351 1330 444 1386 beatae
458 1329 680 1387 resurrectionis
692 1328 836 1389 lotitiam.
878 1327 938 1387 Per
952 1331 1102 1391 eundem.

177 1412 299 1467 Secreta.

178 1489 343 1560 Sanctifioa,
371 1507 547 1565 quaesumus,
570 1489 708 1560 Domino,
731 1488 795 1547 lraec
813 1488 948 1547 fidelium
965 1492 1114 1551 omnium
1126 1492 1233 1551 vitalia
1243 1506 1311 1549 nero

116 1574 225 1640 menta,
241 1575 271 1625 et
284 1588 337 1644 per
350 1588 393 1640 ea,
409 1569 627 1627 interveniente
646 1570 733 1627 beata
753 1569 812 1627 Dei
824 1568 975 1645 genetrice
989 1569 1102 1631 Maria
1114 1592 1187 1631 cum
1200 1570 1310 1631 omnibus

116 1649 225 1705 sanctis
239 1650 308 1721 tuis,
324 1650 498 1706 concedent
517 1649 572 1706 hoc
592 1649 691 1725 ipsum
707 1648 842 1726 proficiat
858 1649 1018 1708 animabus
1040 1652 1230 1711 famulorum
1240 1650 1309 1709 fans·

117 1728 272 1805 lorumque
285 1736 414 1801 tuarum,
429 1744 586 1803 parentum
599 1735 631 1786 et
643 1729 863 1787 benefactorum
882 1734 1072 1803 nostrorum,
1087 1738 1127 1791 ut
1138 1732 1181 1791 ab
1199 1730 1310 1791 omnllss

117 1808 200 1866 vitiis
213 1809 339 1884 expiator
352 1809 461 1885 pabulo
474 1809 545 1866 vitre
559 1808 730 1867 reficiantur
743 1814 868 1869 aeternae.
910 1808 971 1867 Per
983 1811 1131 1871 eundem.

178 1889 418 1948 Postcommtrnic.

178 1969 320 2027 Purificet
332 1989 395 2041 nos,
405 1988 581 2046 quaesumus,
591 1968 728 2043 Domine,
741 1969 869 2027 salutare
882 1988 942 2045 quo
954 1970 1038 2047 pasti
1048 1990 1161 2031 sumus
1173 1986 1310 2031 sacramur

117 2056 204 2122 tum;
224 2056 254 2107 et
276 2050 492 2107 interveniente
508 2050 595 2106 beata
610 2048 669 2107 Dei
688 2050 837 2125 genetrice
858 2048 957 2107 Maria
972 2068 1044 2107 cum
1066 2052 1214 2111 omnibus
1225 2048 1311 2109 muclit

116 2131 186 2200 tuis,
200 2129 324 2187 concede
337 2136 373 2187 ut
386 2129 440 2187 hoc
460 2129 556 2204 ipsum
571 2128 706 2204 proficiat
718 2129 873 2187 animabus
891 2128 1078 2187 famulorum
1090 2131 1312 2207 famularumque

116 2216 244 2281 tuarum,
261 2215 417 2285 parentum
430 2215 461 2266 et
474 2209 693 2266 benefactorum
705 2215 882 2282 nostrorum,
893 2209 931 2269 ad
944 2212 1183 2287 promerendam
1197 2218 1257 2271 tuo
1266 2226 1313 2289 [ab

115 2290 280 2365 pitiationis
293 2290 421 2364 gratiam
434 2294 465 2347 et
478 2288 696 2365 percipiendam
715 2288 824 2347 futura
843 2289 1071 2349 resurrectionis
1084 2291 1219 2368 gloriam
1231 2288 1314 2367 semp

116 2376 241 2428 ternam.
285 2370 343 2427 Per
357 2371 491 2427 eundem.

178 2451 291 2520 Quinta
306 2450 407 2509 Oratio
419 2448 569 2525 peroratis.
612 2447 762 2507 Fidelium
776 2449 859 2507 Deus
871 2447 1015 2522 omnium,
1028 2454 1070 2510 ct
1082 2470 1235 2529 sarpa-affl.
1250 2448 1305 2511 1⁰2

176 2531 297 2589 Secreta.

176 2610 309 2682 Hostiae,
324 2628 498 2686 quaesumus,
514 2609 652 2683 Domine,
663 2628 736 2685 quas
745 2609 803 2667 tibi
812 2628 867 2685 pro
880 2608 1036 2667 animabus
1045 2610 1192 2669 omnium
1200 2610 1315 2671 fidelium

115 2691 321 2749 defunctorum
335 2691 493 2763 offerimus,
508 2691 687 2766 propitiatus
706 2689 849 2763 intende3
867 2695 904 2747 ut
922 2689 1032 2765 quibus
1053 2689 1129 2749 fidei
1151 2691 1316 2751 Christiano

116 2773 257 2829 meritum
270 2771 431 2842 contulisti,
446 2771 536 2828 dones
550 2777 581 2829 et
593 2769 757 2848 praemium.
801 2768 867 2827 Per.

175 2852 417 2911 Pcetcommurtio.

175 2933 351 3004 Animabat,
367 2949 542 3008 quaesumus,
558 2929 695 3002 Domine,
709 2929 843 2987 omnium
856 2928 989 2986 fidelium
1002 2928 1225 2991 defunctorum
1237 2929 1316 2991 oratic

115 3013 251 3087 proficiat
277 3011 507 3087 supplicantium
516 3031 525 3082 3
549 3016 585 3067 ut
609 3029 658 3067 eas
682 3014 713 3066 et
734 3028 752 3067 a
775 3009 903 3085 peccatis
925 3008 1065 3066 omnibus
1087 3029 1198 3085 exuas,
1217 3018 1250 3071 ot
1266 3016 1315 3071 tus

115 3092 325 3167 redemptionis
338 3093 428 3149 facias
442 3110 504 3149 esse
517 3090 681 3166 participes
725 3088 867 3158 Quicum
880 3089 945 3147 Deo
959 3087 1059 3161 Patre,
1075 3099 1104 3149 et
1116 3100 1224 3151 cetera

175 3170 251 3229 Item
274 3172 357 3247 iufra
379 3170 527 3246 trr'pirttcie
547 3170 743 3246 capescuriqae
755 3167 855 3244 scara
874 3167 1007 3244 ascarii
1028 3169 1167 3245 qaireqm
1186 3172 1316 3233 diamur

117 3250 286 3320 Orcticaee;
306 3272 435 3327 quoram
445 3250 547 3328 prima
555 3270 612 3326 pro
626 3250 689 3326 piso
704 3246 858 3325 mqtaatt,
874 3256 965 3307 cetera
980 3256 1016 3307 at
1025 3266 1123 3324 supra
1135 3270 1201 3327 pro
1215 3266 1316 3329 corpore

134 3329 256 3389 recreati.
749 3336 753 3343 '

110 3351 133 3408 p
177 3411 415 3487 Quandocunque
433 3430 536 3486 corpas
553 3410 633 3469 odeat
647 3428 777 3487 masaia
790 3417 817 3468 ct
829 3408 866 3467 ia
878 3406 1093 3467 anniuersariis
1112 3409 1314 3489 episcopor-aar,

115 3500 141 3548 ct
154 3492 189 3548 ia
201 3491 259 3548 Die
268 3490 449 3549 Animorum
464 3499 587 3549 torrium.

173 3571 270 3630 Lectio
282 3571 420 3648 Epicteto
434 3571 509 3629 beati
518 3570 611 3628 Pauli
624 3570 665 3628 od
680 3568 940 3629 Tlrcacclccicerwcs
955 3565 984 3644 (1
996 3567 1035 3625 ic.
1052 3566 1173 3648 1318).

174 3651 294 3710 Elatres
309 3673 315 3711 :
337 3652 486 3711 Nolumus
500 3669 553 3708 ros
566 3651 701 3727 ignorare
714 3669 805 3725 usqae
817 3648 861 3707 cd
871 3648 905 3707 in
917 3646 1018 3705 verbis
1030 3646 1108 3706 istis.

173 3730 215 3790 Ire
228 3732 361 3791 amitibus
371 3732 439 3790 aliia
453 3729 664 3789 arruiceraoriis
677 3738 703 3788 et
718 3728 917 3804 tripiatolibuc
930 3726 1072 3803 Epiatclc.

173 3812 269 3872 Lectio
282 3813 367 3871 Libri
380 3811 615 3869 Macbcboeoram
629 3808 660 3888 (2
675 3809 746 3868 Mac
763 3809 814 3867 cii.
831 3806 947 3886 43-45.)

173 3892 213 3948 In
226 3893 329 3950 diebus
342 3892 402 3948 illis
415 3891 462 3947 vir
474 3890 652 3948 fortissimus
666 3889 688 3946 J
689 3890 763 3948 udas
775 3908 866 3964 usquc
879 3887 922 3945 cd
932 3891 968 3944 ut
980 3906 999 3943 a
1011 3887 1143 3963 peccatis
1156 3890 1311 3949 solvantur.

172 3971 214 4029 Io
241 3973 375 4031 crinibus
396 3971 466 4029 aliie
488 3970 591 4028 Missis
606 3989 664 4046 pro
688 3968 835 4045 defunctis
857 3969 1000 4027 dicuntur
1020 3966 1065 4024 Ιιω
1087 3968 1160 4027 duo
1184 3966 1313 4049 Epistola

111 4052 233 4110 alternis
246 4052 356 4109 vicibus
363 4070 419 4127 per
431 4050 639 4109 laodomam
649 4070 662 4119 ,·
682 4049 727 4108 ita
741 4058 838 4108 tornea
851 4048 930 4124 qaod
936 4046 1036 4123 priuw
1050 4046 1176 4107 dicatur·
1189 4046 1311 4129 Epicteto

111 4132 228 4190 Audivi
237 4151 347 4205 vocem,
359 4132 495 4207 quodpcr
505 4137 597 4189 totam
607 4148 722 4189 meacm
733 4130 903 4202 observetur,
915 4126 1033 4205 quanda
1037 4124 1199 4201 ferialiter
1207 4130 1311 4191 atara

112 4212 215 4271 illi-38&

171 4290 312 4367 Lpbtcia.
355 4289 452 4349 Lectio
466 4289 550 4347 Libri
561 4287 755 4364 Apocclppaia
774 4286 924 4347 Jotonao
942 4285 1075 4363 Apostoli
1089 4285 1162 4366 (xio.
1180 4290 1241 4371 13).
1352 4252 1354 4292 :

172 4371 210 4428 Iu
224 4371 328 4427 diebus
342 4369 411 4443 illis,
427 4369 543 4428 Audiri
555 4387 657 4428 vocem
671 4388 764 4444 traque
778 4369 1001 4445 adsequuntur
1013 4365 1091 4425 illos.
