2866 4846
385 306 474 372 Ordo
496 308 543 373 od
567 306 848 374 delectamentum
868 306 1088 374 Faciendum.
1316 306 1336 375 7

187 489 284 566 Super
297 489 462 548 maccolum
480 497 597 548 tantane
615 490 733 548 dicotur
752 488 846 550 oratio
866 490 934 561 isto,
948 509 1042 547 mona
1057 487 1224 548 Sacerdotis
1241 508 1339 565 snper·

118 587 228 662 posito.
273 586 409 645 Oremus.
642 665 644 669 Ι

187 683 270 742 Deus
283 683 446 757 Abraham,
462 683 544 742 Deus
558 685 651 756 Isaac,
662 685 744 743 Deus
758 684 862 758 Jacob,
879 685 961 742 Deus
976 685 1029 761 qui
1043 685 1144 761 Moysi
1156 684 1268 743 famulo
1282 690 1335 743 tuo

123 781 157 837 in
181 786 283 836 monte
305 780 390 837 Sinai
414 781 587 856 apparuisti,
610 787 640 839 et
660 782 737 839 filios
762 781 856 839 Israel
877 783 914 840 de
938 788 1019 839 terra
1039 782 1168 858 AEgypti
1191 782 1333 855 eduxisti,

123 877 271 953 deputans
292 877 334 934 eis
355 877 494 953 angelum
513 878 635 954 pietatis
653 884 722 951 tuae,
738 878 791 955 qui
809 880 971 938 custodiret
988 899 1037 937 eos
1058 880 1156 936 dicae
1176 886 1283 952 nocte,
1303 887 1335 938 te

124 996 302 1054 quaesumus,
328 977 466 1050 Domine,
490 982 523 1034 ut
550 977 670 1035 mittere
690 977 820 1054 digneris
840 984 977 1035 sanctum
996 977 1135 1059 angelum
1162 984 1258 1047 tuum,
1280 978 1333 1052 qui

122 1075 262 1132 similiter
289 1074 436 1131 custodiat
463 1079 494 1131 et
515 1073 597 1130 hunc
623 1074 769 1131 famulum
796 1079 883 1132 tuum
910 1075 962 1145 N,
984 1080 1015 1132 et
1041 1075 1184 1150 perducat
1205 1093 1273 1132 eum
1294 1074 1332 1130 ad

123 1172 252 1248 gratiam
266 1172 408 1247 baptismi
421 1172 475 1230 tui.
518 1169 589 1228 Sine
603 1171 662 1228 Per
676 1171 836 1230 Christum.

185 1268 344 1344 Adjorotio
358 1286 446 1344 saper
458 1267 624 1325 masadam
638 1276 762 1325 tontum.

184 1365 272 1441 Ergo,
287 1364 444 1422 maledicte
457 1364 583 1436 diabole,
598 1383 770 1441 recognosce
783 1365 963 1422 sententiam
983 1370 1076 1436 tuam,
1092 1369 1123 1421 et
1136 1364 1174 1420 da
1188 1364 1330 1421 honorem

123 1462 188 1519 Deo
202 1461 273 1518 vivo
287 1467 317 1518 et
326 1480 396 1519 vero
410 1482 416 1518 :
431 1461 469 1516 da
479 1461 622 1534 honorem
634 1461 656 1517 J
658 1479 710 1518 esu
724 1459 844 1518 (lhristo
858 1459 936 1518 Filio
951 1462 1014 1536 ejus
1025 1466 1056 1517 et
1066 1459 1193 1536 Spiritui
1207 1459 1326 1533 Sancto,

123 1563 154 1616 et
177 1558 278 1615 recede
299 1559 336 1614 ab
356 1558 412 1614 hoc
431 1557 544 1613 famulo
565 1556 624 1613 Dei
644 1557 683 1614 N.
696 1578 710 1627 ,·
744 1557 814 1632 quia
833 1557 926 1615 istum
946 1557 1006 1613 sibi
1026 1556 1108 1614 Deus
1128 1562 1159 1613 et
1179 1557 1328 1614 Dominus

73 1659 78 1666 '
121 1662 223 1713 noster
260 1656 350 1714 Jesus
378 1653 515 1711 Christus
543 1653 581 1710 ad
608 1672 693 1710 suam
720 1659 853 1711 sanctam
879 1653 1007 1729 gratiam
1034 1659 1075 1710 et·
1092 1652 1328 1710 benedictionem

120 1757 292 1827 fontemque
308 1749 497 1826 baptismatis
517 1749 595 1806 dono
608 1768 712 1807 vocare
730 1748 869 1826 dignatus
883 1755 928 1806 est
940 1768 948 1821 3
969 1755 999 1806 et
1013 1749 1067 1806 hoc
1081 1749 1199 1826 signum
1219 1755 1327 1809 sanctae

122 1845 442 1926 crucis‚›1‹Hicfociot
451 1844 591 1903 Sacerdos
603 1845 722 1920 Qunam
735 1854 842 1903 soractae
856 1846 950 1904 macie
963 1846 998 1902 in
1006 1845 1110 1920 fronte
1119 1845 1248 1920 infantis
1261 1865 1328 1903 cone

116 1944 227 2019 pollice,
249 1945 294 2001 ito
314 1943 432 2001 dicens:
459 1942 539 2018 quod
558 1961 613 2000 uos
630 1942 728 2000 fronte
751 1943 816 2018 ejus
830 1943 942 2014 damus,
963 1948 1006 2015 tu,
1026 1943 1181 2002 maledicte
1201 1943 1324 2015 diabole,

120 2060 274 2116 nunquam
296 2040 403 2097 audeas
427 2039 547 2110 violare,
569 2058 623 2114 per
643 2058 712 2096 eum
736 2040 789 2115 qui
809 2046 955 2115 venturus
975 2046 1020 2097 est
1036 2040 1170 2116 judicare
1190 2040 1275 2097 vivos
1296 2045 1326 2096 et

119 2144 252 2195 mortuos
266 2142 296 2194 et
310 2135 450 2192 saeculum
463 2134 637 2210 perignem.
679 2134 788 2194 Amen.

179 2242 339 2317 ridjmotio
354 2259 441 2314 saper
454 2239 619 2296 nroeculanc
633 2247 757 2296 tantane.

180 2339 272 2406 Deus,
297 2332 465 2392 immortale
488 2334 659 2409 praesidium
684 2335 818 2392 omnium
844 2335 1071 2412 postulantium,
1096 2336 1233 2393 liberatio
1260 2357 1325 2413 sup-

118 2434 240 2510 plicum,
268 2451 328 2506 pax
355 2431 534 2506 rogantium,
562 2431 627 2488 vita
654 2431 847 2505 credentium,
875 2433 1053 2491 resurrectio
1077 2439 1270 2505 mortuorum,
1295 2441 1326 2491 to
1354 2505 1357 2510 .

119 2531 227 2585 invoco
241 2527 379 2598 Domine,
394 2546 483 2602 super
499 2526 579 2584 hunc
592 2526 737 2584 famulum
756 2533 842 2584 tuum
856 2528 907 2600 N,
922 2529 975 2604 qui
993 2529 1134 2604 baptismi
1148 2529 1195 2586 tui
1213 2529 1325 2588 donum

119 2631 224 2701 petens
254 2628 395 2682 aeternam
420 2623 559 2699 consequi
586 2623 714 2699 gratiam
741 2624 891 2699 spirituali
918 2625 1139 2701 regeneratione
1167 2625 1321 2685 desiderat.

117 2721 228 2796 Accipe
247 2739 322 2791 eum,
345 2719 482 2792 Domine,
507 2720 629 2795 etquis
651 2720 794 2796 dignatus
817 2740 847 2778 es
870 2721 976 2794 dicere,
992 2721 1092 2778 Petite
1112 2727 1143 2779 et
1163 2722 1321 2798 accipietis,

117 2818 241 2893 quaerite
255 2821 286 2873 et
299 2815 465 2886 invenietis,
479 2816 594 2891 pulsate
608 2821 640 2873 et
653 2816 803 2891 aperietur
816 2818 900 2875 vobis
904 2837 915 2890 3
928 2818 1044 2894 petenti
1057 2819 1157 2894 itaque
1167 2814 1322 2893 praemium
1368 2814 1371 2819 ’

115 2914 241 2990 porrige,
263 2917 294 2970 et
309 2913 435 2988 januam
454 2912 551 2987 pande
571 2911 725 2987 pulsanti,
746 2918 782 2969 ut
802 2918 943 2971 aeternam
964 2914 1087 2971 caelestis
1105 2915 1215 2971 lavacri
1235 2917 1322 2974 bene-

114 3012 275 3068 dictionem
285 3016 459 3068 consecutus
469 3009 613 3086 promissa
623 3009 671 3067 tui
680 3010 812 3068 muneris
822 3015 913 3086 regna
923 3011 1075 3087 percipiat.
1098 3012 1158 3070 Per
1168 3012 1321 3090 Christum

116 3107 288 3164 Dominum.

175 3202 334 3278 Acly'amtc'o
347 3219 435 3276 cuper
448 3201 592 3260 masculos
603 3211 720 3260 torciano
732 3201 795 3261 siae
810 3201 944 3260 Oremus.

173 3298 264 3369 Audi,
286 3298 441 3356 maledicte
456 3298 566 3356 Satana
575 3318 584 3370 3
604 3299 760 3374 adjuratus
773 3318 826 3374 per
846 3318 955 3356 nomen
973 3299 1077 3356 aeterni
1091 3299 1151 3357 Dei
1168 3306 1199 3358 et
1222 3301 1321 3360 Salva-

114 3395 188 3453 toris
211 3397 307 3455 nostri
327 3396 349 3454 J
351 3415 402 3453 esu
428 3394 541 3452 Christi
571 3394 643 3452 Filii
666 3396 738 3472 ejuS,
765 3414 832 3452 cum
858 3401 913 3452 tua
936 3395 1033 3453 victus
1053 3388 1168 3453 invidia
1189 3403 1320 3455 tremens

113 3511 290 3569 gemensque
322 3492 455 3549 discede:
490 3490 568 3548 nihil
608 3491 666 3548 tibi
697 3491 738 3549 sit
768 3510 923 3549 commune
955 3511 1023 3549 cum
1054 3511 1138 3549 servo
1170 3493 1229 3550 Dei
1256 3495 1320 3569 jam

112 3587 240 3645 caelestia
253 3587 405 3663 cogitanti,
421 3587 631 3646 renuntiaturo
644 3587 702 3644 tibi
716 3593 746 3644 et
759 3588 865 3645 saeculo
879 3594 933 3645 tuo
948 3594 978 3645 et
992 3589 1085 3645 beatae
1099 3589 1321 3648 immortalitati

112 3684 237 3743 victuro.
280 3684 329 3742 Da
348 3684 442 3760 igitur
455 3684 598 3741 honorem
618 3683 791 3741 advenienti
812 3683 939 3760 Spiritui
954 3684 1072 3757 Sancto,
1088 3686 1140 3761 qui
1155 3705 1192 3742 ex
1206 3705 1321 3744 summa

112 3780 177 3837 caeli
189 3799 256 3838 arce
269 3780 456 3851 descendens,
471 3779 653 3857 pe1turbatis
673 3779 827 3837 fraudibus
847 3780 916 3852 tuis,
933 3780 1035 3837 divino
1055 3781 1139 3838 fonte
1159 3790 1320 3857 purgatum

110 3882 223 3951 pectus,
237 3875 269 3933 id
289 3882 335 3933 est
354 3876 570 3933 sanctificatum
591 3875 656 3933 Deo
669 3875 814 3951 templum
835 3882 866 3933 et
886 3876 1096 3949 habitaculum,
1111 3879 1263 3952 perficiat:
1288 3887 1319 3936 et

109 3973 148 4029 ab
169 3972 305 4030 omnibus
319 3973 438 4048 penitus
451 3972 550 4032 noxiis
569 3973 788 4049 praeteritorum
808 3973 966 4031 criminum
986 3973 1129 4030 liberatus
1142 3994 1244 4030 servus
1259 3977 1317 4033 Dei

109 4069 220 4146 gratias
239 4088 383 4145 perennes
404 4069 469 4127 Deo
482 4070 591 4128 referat
612 4089 735 4147 semper,
749 4075 779 4130 et
799 4071 955 4129 benedicat
974 4088 1083 4127 nomen
1097 4071 1160 4145 ejus
1181 4077 1316 4129 sanctum

110 4165 143 4222 in
156 4165 263 4224 saecula
276 4167 457 4225 saeculorum.
499 4165 605 4226 Amen.

170 4260 331 4337 Acljmotio
354 4281 441 4340 super·
463 4264 606 4324 musculos
629 4272 746 4324 tontum
769 4265 832 4324 aare
853 4263 1001 4322 Dominus
1024 4261 1183 4334 vobiscum,
1206 4271 1232 4320 et
1254 4264 1316 4324 aare

110 4357 245 4418 Oremus.
