2850 4800
164 312 222 373 14·
514 303 681 370 Manuale
695 303 742 369 ad
756 324 860 369 usum
873 302 1009 370 Sarum.

220 473 257 531 N
254 493 292 531 on
300 472 479 548 procedatur
491 470 616 529 ulterius
628 470 663 529 in
676 469 728 529 lios
737 470 827 545 officio
838 468 873 527 in
888 468 997 543 Viqilia
1005 466 1128 527 Pasclra
1140 477 1171 529 et
1182 468 1361 543 Pentecosten,

161 554 222 613 nisi
231 553 342 627 aliquis
350 553 388 609 sit
398 552 601 627 baptizandus,
611 559 645 608 ut
648 560 750 626 postea
754 550 874 627 patebit.
904 548 939 607 N
937 558 986 608 ota
993 550 1072 625 quod
1079 548 1116 607 in
1127 549 1242 625 Viqilia
1249 548 1363 609 Pascha

161 644 187 693 et
202 634 377 692 Pentecostes
397 632 569 690 consecratis
579 630 718 706 fontibus
731 651 793 689 non
804 629 983 705 infundetur
1001 629 1099 689 olosma
1117 650 1214 706 nequo
1231 630 1363 703 clerium,

161 715 222 772 nise
216 714 335 772 'adsim
349 712 445 787 aliqui
458 712 533 786 quid
544 712 663 771 debeant
671 711 825 787 baptizari,
840 712 889 769 sed
900 709 1068 769 linteamine
1080 710 1196 769 mundo
1205 710 1365 788 cooperian-

162 805 221 865 tur,
236 802 262 852 et
281 813 372 867 usqne
392 794 433 850 ad
454 793 745 868 completoriuml’as
711 791 803 850 asella
822 792 867 849 uel
885 791 1062 849 Pentemetes
1080 800 1275 863 reserventur,
1288 798 1323 849 ut
1340 790 1366 849 ei

152 839 235 950 forle
254 874 413 932 hisdiebus
433 873 544 948 aliquis
563 873 758 949 baptizandus
776 871 926 930 advenerit
926 870 1116 946 ,fecundatis
1134 880 1164 930 et
1176 836 1365 948 manifestis

153 955 292 1029 fontibus
306 964 375 1012 tune
389 954 443 1011 olei
456 964 482 1012 et
496 953 661 1011 chrismatis
674 952 831 1028 infusione,
845 951 1014 1028 baptizetur.

222 1036 294 1094 Post
307 1035 365 1091 laec
381 1035 479 1091 mittat
492 1033 632 1092 Sacerdos
645 1033 739 1091 oleum
751 1042 887 1092 sanctum
900 1051 967 1091 cum
978 1032 1046 1108 epea
1059 1030 1188 1105 billione,
1203 1052 1271 1109 qua
1282 1032 1365 1091 estin

161 1136 226 1175 vase
236 1116 307 1190 ejus,
323 1117 357 1172 iu
370 1135 489 1189 aquam,
503 1114 622 1189 siqnum
635 1112 860 1188 madefaciens,
875 1122 902 1171 et
915 1113 1014 1171 dicens
1022 1136 1032 1172 :

222 1196 370 1272 Oonjunot
358 1195 400 1252 tio
414 1195 471 1252 olei
491 1194 640 1251 unctionis
653 1200 684 1252 et
697 1214 782 1270 squae
795 1193 989 1270 baptismatis.
1032 1192 1073 1249 In
1085 1192 1209 1251 nomine
1222 1192 1324 1251 Patris
1335 1198 1364 1251 et

162 1276 233 1334 Filii
246 1282 277 1334 et
291 1276 420 1351 Spiritus
435 1275 543 1334 Sancti
586 1275 695 1332 Amen.

221 1356 323 1414 Simili
336 1357 419 1413 modo
433 1356 531 1413 mittat
545 1354 671 1412 clerisma
684 1355 799 1412 diceres:

222 1437 453 1494 Fecundeturet
441 1436 666 1493 tssnotifioctur
675 1435 741 1493 fons
754 1436 810 1493 isto
824 1434 976 1493 salutifero
989 1433 1158 1493 chrismate.
1195 1434 1237 1491 Ιιι
1247 1432 1362 1491 nomine

162 1518 260 1575 Patris
274 1523 304 1575 et
318 1516 434 1573 Filiit
404 1523 434 1574 et
449 1516 579 1592 Spiritus
594 1516 704 1573 Sancti.

220 1599 326 1655 Postea
338 1598 436 1654 mittat
449 1597 540 1654 sirint
552 1596 645 1654 oleum
659 1616 725 1654 cum
738 1595 890 1654 chrimate
903 1596 988 1654 modo
997 1594 1177 1671 supradicto,
1192 1592 1307 1655 diceris:

222 1678 400 1753 conjunctio
431 1677 598 1734 chrismatis
628 1676 870 1734 sanctificationis
897 1682 928 1734 et
958 1675 1017 1733 olei
1045 1675 1199 1733 unctionis
1225 1682 1258 1733 et
1283 1692 1360 1751 eque

162 1758 354 1837 bsptismatis.
398 1758 438 1815 In
452 1758 580 1831 nomine,
595 1764 620 1814 et
634 1766 732 1816 cetera.

605 1920 705 1979 Rmas
724 1920 925 1979 Brrrrzrrm.

223 2051 307 2108 Tunc
320 2058 454 2125 portetur
470 2050 574 2124 infans
593 2050 634 2107 ad
649 2048 751 2124 fontes
770 2051 806 2109 al
826 2050 873 2109 leis
890 2051 943 2125 qni
963 2072 1030 2109 eum
1049 2052 1214 2127 ssescepturi
1233 2061 1304 2111 sunt
1324 2052 1360 2109 od

161 2132 343 2207 baptismum,
359 2131 482 2205 ipsisque
496 2130 618 2188 euudem
633 2150 764 2205 puerum
776 2151 864 2207 super
874 2132 976 2206 sontes
988 2133 1064 2190 inter
1075 2152 1187 2191 manus
1198 2132 1358 2203 tenentibus,

156 2221 251 2287 ponat
271 2211 410 2270 Sacerdos
430 2231 553 2269 ricarium
573 2212 706 2269 dextram
725 2231 812 2287 super
832 2232 898 2270 enm
906 2234 918 2282 ;
939 2221 966 2271 et
982 2213 1161 2288 interroqato
1174 2212 1239 2289 ejus
1250 2212 1359 2272 emmim

160 2294 352 2367 respondeant
372 2291 426 2366 qui
445 2311 511 2349 euru
524 2300 627 2364 tenent,
642 2292 682 2349 N.
725 2291 801 2350 Item
816 2291 956 2351 Sacerdos
971 2293 1070 2351 dieat:
1094 2292 1144 2365 N.,
1160 2292 1361 2351 Abrsnuntiss

162 2374 287 2431 Satanas.
330 2373 534 2447 Respondeant
556 2372 732 2447 compatriui
753 2381 779 2431 et
801 2374 1017 2432 commatrinoe:
1041 2374 1246 2432 Abrenuntio.
1291 2372 1360 2431 Item

160 2452 314 2512 Sacerdos:
336 2454 376 2509 Et
393 2453 529 2508 omnibus
547 2453 684 2528 operibus
697 2453 769 2528 ejus,
810 2454 1028 2530 Reqrondeant:
1050 2454 1252 2512 Abrenuntio.
1291 2452 1361 2512 Item

160 2533 315 2592 Sacerdos:
337 2535 378 2589 Et
391 2533 528 2590 omnibus
541 2533 656 2609 pompis
670 2534 740 2608 ejus.
783 2534 1001 2611 Respondeant:
1021 2534 1222 2594 Abrenuntio.

221 2614 325 2672 Postea
340 2622 443 2688 tanqat
456 2614 595 2671 Sacerdos
603 2623 705 2688 pectus
718 2613 846 2690 irffantis
860 2624 886 2674 et
899 2616 977 2673 inter
989 2615 1126 2691 scapulos
1138 2616 1174 2673 ele
1191 2614 1253 2673 oleo
1269 2623 1362 2673 sancto

160 2715 273 2753 erucem
284 2694 403 2768 faciens
420 2714 487 2751 curn
506 2694 619 2769 pollice,
639 2695 755 2754 dicens:
780 2696 831 2767 N.,
852 2696 893 2752 Ee
914 2715 967 2771 ego
985 2696 1060 2753 linio
1082 2700 1123 2768 te,
1148 2714 1237 2771 super
1255 2702 1361 2771 pectus,

161 2776 224 2832 olco
247 2776 359 2844 salutis
377 2776 454 2832 inter
473 2774 616 2850 scapulas,
637 2775 676 2831 In
697 2775 816 2833 Christo
836 2776 911 2833 Jesu
931 2775 1062 2833 Domino
1081 2780 1184 2834 nostro
1203 2780 1242 2833 ut
1261 2776 1364 2835 hsboae

160 2857 255 2912 vitam
268 2861 417 2926 uternam,
433 2861 463 2913 ct
477 2857 561 2912 vivas
574 2855 606 2911 in
620 2855 726 2913 saeculs
739 2856 919 2913 saesulorum
961 2856 1071 2914 Amen.

221 2935 350 2992 *Deinde
361 2937 534 3010 interroqato
543 2936 658 2994 nostine
667 2936 736 3011 rjus,
748 2937 968 3012 respondeant‚†
976 2935 1016 2995 N.
1046 2935 1070 2993 I
1068 2945 1124 2994 tem
1132 2934 1290 2997 Sacerdos:
1301 2932 1365 3007 N.,*

162 3015 264 3072 Orodis
277 3016 310 3071 in
325 3017 423 3072 Deum
437 3017 558 3074 Patrem
572 3017 805 3093 omnipotentem
818 3022 979 3074 creatorem
992 3016 1057 3074 oaeli
1069 3022 1100 3074 et
1109 3021 1205 3074 terroe.
1241 3016 1365 3093 Respui-

160 3097 268 3153 deant:
289 3095 392 3152 Credo,
434 3095 511 3153 Item
523 3096 681 3155 Sacerdos:
698 3097 734 3153 N
733 3141 749 3167 .,
763 3097 865 3155 Orodis
879 3102 909 3154 et
922 3098 954 3153 in
967 3097 989 3154 J
990 3116 1073 3155 esum
1086 3096 1242 3154 Christum
1255 3096 1365 3155 Filium

160 3177 224 3249 ojus
235 3175 365 3244 unicum,
376 3176 541 3233 Dominum
553 3184 695 3248 nostium,
706 3184 809 3235 natum
820 3183 851 3235 et
860 3197 986 3253 passum.
1023 3178 1245 3252 Respondeant:
1263 3176 1363 3236 Credo.

160 3255 236 3312 Item
255 3254 409 3314 Sacerdos:
432 3256 466 3311 N
466 3301 484 3327 .,
504 3258 606 3314 Orodis
620 3263 650 3314 et
663 3259 696 3314 in
710 3258 857 3333 Spiritum
871 3258 1031 3330 Sanctum
1053 3263 1187 3315 sanctam
1204 3256 1366 3316 Ecclesiam

161 3335 363 3406 Catholieam,
358 3355 362 3366 ·
384 3342 553 3394 sanctomim
564 3339 819 3411 communionem,
813 3359 818 3371 ·
836 3339 1037 3396 remissionem
1047 3344 1256 3414 peecatorum
1272 3338 1367 3396 cernis

161 3417 413 3488 resurrectionem,
429 3424 461 3475 ct
478 3409 632 3475 vitamt
593 3426 632 3475 aet
634 3438 735 3475 ornem
755 3383 823 3495 posi
844 3426 922 3476 mor
920 3439 977 3477 em
1020 3418 1242 3493 Rimoniana:
1264 3418 1365 3478 credo.

163 3497 246 3554 Tunc
269 3497 454 3572 interroqet
413 3497 630 3555 Sacerdos
613 3518 739 3574 4nornen
765 3498 901 3574 infantis
926 3500 1044 3557 dicens:
1072 3498 1145 3572 N.,*
1128 3498 1257 3575 4de
1282 3499 1365 3577 petis

160 3577 379 3652 Respondeant:
399 3579 594 3655 Baptismum.
631 3577 707 3637 Item
720 3578 874 3639 Sacerdos
868 3579 946 3638 ·Vis
958 3578 1111 3655 baptizari
1128 3537 1367 3656 Respondeant.

161 3657 248 3715 Vola.

220 3738 335 3798 Deinde
353 3740 479 3814 <securint
497 3738 637 3797 Sacerdos
654 3739 800 3815 infantem
821 3738 898 3816 iper
916 3739 1031 3816 latera‡
1049 3740 1084 3797 in
1101 3738 1240 3798 amnibus
1256 3740 1329 3812 suis,
1343 3748 1368 3798 et

160 3820 172 3875 i
175 3828 338 3894 nterroqato
352 3821 468 3878 nourino
482 3820 544 3895 ejus
557 3821 680 3895 baptizet
693 3841 759 3879 eum
772 3822 827 3880 sul>
841 3822 922 3879 trina
935 3821 1075 3880 mersione
1088 3829 1207 3879 tontum
1226 3820 1368 3880 Sanctam

161 3900 336 3958 Trinitatem
350 3901 519 3973 inooeamlo,
532 3902 577 3959 ita
590 3901 702 3961 dicens:
719 3902 758 3960 N.
763 3947 770 3974 ,
788 3902 829 3960 Es
842 3922 895 3978 ego
909 3902 1066 3979 baptizote
1075 3902 1108 3958 in
1118 3900 1240 3959 nomine
1255 3900 1369 3971 Patris;

163 3980 201 4036 m
212 3989 321 4054 merqat
335 4000 401 4039 eum
414 3983 498 4039 semel
510 4002 593 4040 rersa
603 3981 688 4055 facie
706 3982 748 4040 ad
764 3982 930 4057 aquilonem
948 3992 975 4041 et
993 3982 1085 4058 capite
1098 4001 1198 4040 uersus
1212 3982 1368 4049 orientem;

221 4157 237 4188 s·
260 4160 388 4218 Msst‘-
394 4163 507 4220 Deinde
527 4164 680 4238 interroqet
701 4162 840 4222 Sacerdos
859 4184 963 4222 reomen
983 4164 1121 4239 infantis,
1140 4163 1239 4223 dicem
1259 4164 1338 4223 ad
1324 4184 1369 4223 m-

157 4237 294 4307 fantem:
318 4242 398 4310 Quid
412 4244 532 4300 vocaris,
575 4244 778 4319 Respondeant
786 4244 913 4319 patrini
929 4245 989 4303 N.''

219 4321 239 4433 'q
221 4320 326 4471 'Igffi
330 4322 411 4460 hffs.
412 4322 492 4382 hest
480 4323 663 4400 throughout
677 4324 728 4381 tho
742 4323 906 4400 paragraph
921 4328 939 4357 “
947 4325 1139 4403 respondeant
1145 4324 1293 4401 patrini'’
