<?xml version="1.0" encoding="UTF-8"?>
<!DOCTYPE html PUBLIC "-//W3C//DTD XHTML 1.0 Transitional//EN"
    "http://www.w3.org/TR/xhtml1/DTD/xhtml1-transitional.dtd">
<html xmlns="http://www.w3.org/1999/xhtml" xml:lang="en" lang="en">
 <head>
  <title>
</title>
<meta http-equiv="Content-Type" content="text/html;charset=utf-8" />
  <meta name='ocr-system' content='tesseract 3.04.00' />
  <meta name='ocr-capabilities' content='ocr_page ocr_carea ocr_par ocr_line ocrx_word'/>
</head>
<body>
  <div class='ocr_page' id='page_1' title='image "./manualeetproces00churgoog_0085.png"; bbox 0 0 2850 4800; ppageno 0'>
   <div class='ocr_carea' id='block_1_1' title="bbox 619 314 1023 385">
    <p class='ocr_par' dir='ltr' id='par_1_1' title="bbox 619 314 1023 385">
     <span class='ocr_line' id='line_1_1' title="bbox 619 314 1023 385; baseline -0.002 -1"><span class='ocrx_word' id='word_1_1' title='bbox 619 318 736 384; x_wconf 80' lang='lat' dir='ltr'><em>Ursatio</em></span> <span class='ocrx_word' id='word_1_2' title='bbox 758 316 936 385; x_wconf 73' lang='lat' dir='ltr'><em>Eutreua</em></span> <span class='ocrx_word' id='word_1_3' title='bbox 963 354 967 360; x_wconf 23' lang='grc' dir='ltr'><strong>Δ</strong></span> <span class='ocrx_word' id='word_1_4' title='bbox 1021 314 1023 320; x_wconf 74' lang='grc'><strong>’</strong></span> 
     </span>
    </p>
   </div>
   <div class='ocr_carea' id='block_1_2' title="bbox 564 550 983 609">
    <p class='ocr_par' dir='ltr' id='par_1_2' title="bbox 564 550 983 609">
     <span class='ocr_line' id='line_1_2' title="bbox 564 550 983 609; baseline -0.002 0"><span class='ocrx_word' id='word_1_5' title='bbox 564 551 615 609; x_wconf 81' lang='lat' dir='ltr'><em>Du</em></span> <span class='ocrx_word' id='word_1_6' title='bbox 636 550 790 608; x_wconf 79' lang='lat' dir='ltr'><strong>Exrnnnn</strong></span> <span class='ocrx_word' id='word_1_7' title='bbox 811 551 983 608; x_wconf 81' lang='lat' dir='ltr'><em>Uncmoun.</em></span> 
     </span>
    </p>
   </div>
   <div class='ocr_carea' id='block_1_3' title="bbox 96 683 1383 4463">
    <p class='ocr_par' dir='ltr' id='par_1_3' title="bbox 163 683 1382 971">
     <span class='ocr_line' id='line_1_3' title="bbox 225 683 1382 774; baseline -0.002 -14"><span class='ocrx_word' id='word_1_8' title='bbox 225 700 403 760; x_wconf 74' lang='lat' dir='ltr'><em>Notandum</em></span> <span class='ocrx_word' id='word_1_9' title='bbox 417 706 514 758; x_wconf 82' lang='lat' dir='ltr'><em>tamen</em></span> <span class='ocrx_word' id='word_1_10' title='bbox 534 706 583 770; x_wconf 86' lang='lat' dir='ltr'><em>est,</em></span> <span class='ocrx_word' id='word_1_11' title='bbox 598 699 678 774; x_wconf 84' lang='lat' dir='ltr'><em>quod</em></span> <span class='ocrx_word' id='word_1_12' title='bbox 697 699 797 756; x_wconf 86' lang='lat' dir='ltr'><em>uaotio</em></span> <span class='ocrx_word' id='word_1_13' title='bbox 819 718 879 755; x_wconf 88' lang='lat' dir='ltr'><em>uou</em></span> <span class='ocrx_word' id='word_1_14' title='bbox 900 697 978 756; x_wconf 79' lang='lat' dir='ltr'><em>debet</em></span> <span class='ocrx_word' id='word_1_15' title='bbox 992 696 1084 772; x_wconf 84' lang='lat' dir='ltr'><em>fiairi</em></span> <span class='ocrx_word' id='word_1_16' title='bbox 1101 683 1261 772; x_wconf 81' lang='lat' dir='ltr'><em>ariteqrmm</em></span> <span class='ocrx_word' id='word_1_17' title='bbox 1274 695 1382 772; x_wconf 78' lang='lat' dir='ltr'><em>forum</em></span> 
     </span>
     <span class='ocr_line' id='line_1_4' title="bbox 163 795 1382 880; baseline -0.002 -21"><span class='ocrx_word' id='word_1_18' title='bbox 163 800 348 880; x_wconf 82' lang='lat' dir='ltr'><em>incipiatur;</em></span> <span class='ocrx_word' id='word_1_19' title='bbox 369 819 420 857; x_wconf 85' lang='lat' dir='ltr'><em>mec</em></span> <span class='ocrx_word' id='word_1_20' title='bbox 429 797 536 872; x_wconf 88' lang='lat' dir='ltr'><em>forma</em></span> <span class='ocrx_word' id='word_1_21' title='bbox 547 796 640 872; x_wconf 80' lang='lat' dir='ltr'><em>finiri</em></span> <span class='ocrx_word' id='word_1_22' title='bbox 661 806 820 870; x_wconf 77' lang='lat' dir='ltr'><em>antequam</em></span> <span class='ocrx_word' id='word_1_23' title='bbox 839 796 938 855; x_wconf 78' lang='lat' dir='ltr'><em>unctio</em></span> <span class='ocrx_word' id='word_1_24' title='bbox 956 795 1128 871; x_wconf 70' lang='lat' dir='ltr'><em>incipiatur.</em></span> <span class='ocrx_word' id='word_1_25' title='bbox 1171 795 1257 854; x_wconf 86' lang='lat' dir='ltr'><em>Huic</em></span> <span class='ocrx_word' id='word_1_26' title='bbox 1269 815 1382 856; x_wconf 82' lang='lat' dir='ltr'><em>coacer-</em></span> 
     </span>
     <span class='ocr_line' id='line_1_5' title="bbox 163 895 740 971; baseline -0.01 -14"><span class='ocrx_word' id='word_1_27' title='bbox 163 901 217 958; x_wconf 91' lang='lat' dir='ltr'><em>dat</em></span> <span class='ocrx_word' id='word_1_28' title='bbox 231 900 343 956; x_wconf 85' lang='lat' dir='ltr'><em>dictum</em></span> <span class='ocrx_word' id='word_1_29' title='bbox 356 896 436 955; x_wconf 90' lang='lat' dir='ltr'><em>Scoti</em></span> <span class='ocrx_word' id='word_1_30' title='bbox 449 916 538 971; x_wconf 88' lang='lat' dir='ltr'><em>super</em></span> <span class='ocrx_word' id='word_1_31' title='bbox 551 896 589 953; x_wconf 84' lang='lat' dir='ltr'><em>io.</em></span> <span class='ocrx_word' id='word_1_32' title='bbox 607 895 674 953; x_wconf 87' lang='lat' dir='ltr'><em>dist.</em></span> <span class='ocrx_word' id='word_1_33' title='bbox 691 895 740 951; x_wconf 83' lang='lat' dir='ltr'><em>aii.</em></span> 
     </span>
    </p>

    <p class='ocr_par' dir='ltr' id='par_1_4' title="bbox 161 990 1382 1357">
     <span class='ocr_line' id='line_1_6' title="bbox 226 990 1381 1069; baseline -0.003 -16"><span class='ocrx_word' id='word_1_34' title='bbox 226 997 310 1053; x_wconf 73' lang='lat' dir='ltr'><em>Pauo</em></span> <span class='ocrx_word' id='word_1_35' title='bbox 320 993 460 1053; x_wconf 79' lang='lat' dir='ltr'><em>Sacerdos</em></span> <span class='ocrx_word' id='word_1_36' title='bbox 474 992 600 1069; x_wconf 74' lang='lat' dir='ltr'><em>accepiet</em></span> <span class='ocrx_word' id='word_1_37' title='bbox 613 992 709 1050; x_wconf 85' lang='lat' dir='ltr'><em>oleum</em></span> <span class='ocrx_word' id='word_1_38' title='bbox 722 991 911 1066; x_wconf 81' lang='lat' dir='ltr'><em>infirmorum</em></span> <span class='ocrx_word' id='word_1_39' title='bbox 928 1011 1016 1066; x_wconf 81' lang='lat' dir='ltr'><em>super</em></span> <span class='ocrx_word' id='word_1_40' title='bbox 1024 990 1160 1067; x_wconf 77' lang='lat' dir='ltr'><em>pollicem</em></span> <span class='ocrx_word' id='word_1_41' title='bbox 1174 990 1313 1048; x_wconf 74' lang='lat' dir='ltr'><em>deutrum</em></span> <span class='ocrx_word' id='word_1_42' title='bbox 1319 1008 1334 1060; x_wconf 86' lang='lat'><em>;</em></span> <span class='ocrx_word' id='word_1_43' title='bbox 1354 997 1381 1050; x_wconf 80' lang='lat' dir='ltr'><em>et</em></span> 
     </span>
     <span class='ocr_line' id='line_1_7' title="bbox 161 1088 1382 1169; baseline -0.003 -17"><span class='ocrx_word' id='word_1_44' title='bbox 161 1094 204 1152; x_wconf 85' lang='lat' dir='ltr'><em>sic</em></span> <span class='ocrx_word' id='word_1_45' title='bbox 218 1114 284 1151; x_wconf 92' lang='lat' dir='ltr'><em>cum</em></span> <span class='ocrx_word' id='word_1_46' title='bbox 292 1093 398 1169; x_wconf 82' lang='lat' dir='ltr'><em>pollice</em></span> <span class='ocrx_word' id='word_1_47' title='bbox 420 1100 522 1166; x_wconf 74' lang='lat' dir='ltr'><em>tcaput</em></span> <span class='ocrx_word' id='word_1_48' title='bbox 542 1091 697 1165; x_wconf 78' lang='lat' dir='ltr'><em>infirmum</em></span> <span class='ocrx_word' id='word_1_49' title='bbox 710 1090 769 1149; x_wconf 82' lang='lat' dir='ltr'><em>oleo</em></span> <span class='ocrx_word' id='word_1_50' title='bbox 783 1099 890 1161; x_wconf 77' lang='lat' dir='ltr'><em>sancto,</em></span> <span class='ocrx_word' id='word_1_51' title='bbox 907 1090 1026 1164; x_wconf 68' lang='lat' dir='ltr'><em>siarcum</em></span> <span class='ocrx_word' id='word_1_52' title='bbox 1046 1089 1141 1147; x_wconf 89' lang='lat' dir='ltr'><em>erucis</em></span> <span class='ocrx_word' id='word_1_53' title='bbox 1151 1088 1274 1161; x_wconf 78' lang='lat' dir='ltr'><em>sacieris</em></span> <span class='ocrx_word' id='word_1_54' title='bbox 1294 1107 1382 1165; x_wconf 78' lang='lat' dir='ltr'><em>serpet·</em></span> 
     </span>
     <span class='ocr_line' id='line_1_8' title="bbox 162 1185 1381 1266; baseline -0.002 -18"><span class='ocrx_word' id='word_1_55' title='bbox 162 1200 319 1266; x_wconf 82' lang='lat' dir='ltr'><em>utrumque</em></span> <span class='ocrx_word' id='word_1_56' title='bbox 347 1190 464 1248; x_wconf 88' lang='lat' dir='ltr'><em>oculum</em></span> <span class='ocrx_word' id='word_1_57' title='bbox 487 1189 610 1263; x_wconf 78' lang='lat' dir='ltr'><em>infirmi,</em></span> <span class='ocrx_word' id='word_1_58' title='bbox 635 1188 804 1263; x_wconf 80' lang='lat' dir='ltr'><em>incipiendo</em></span> <span class='ocrx_word' id='word_1_59' title='bbox 832 1188 873 1244; x_wconf 88' lang='lat' dir='ltr'><em>ad</em></span> <span class='ocrx_word' id='word_1_60' title='bbox 899 1187 1033 1244; x_wconf 82' lang='lat' dir='ltr'><em>deutrum</em></span> <span class='ocrx_word' id='word_1_61' title='bbox 1061 1185 1187 1259; x_wconf 83' lang='lat' dir='ltr'><em>oculum,</em></span> <span class='ocrx_word' id='word_1_62' title='bbox 1216 1185 1269 1244; x_wconf 82' lang='lat' dir='ltr'><em>tac</em></span> <span class='ocrx_word' id='word_1_63' title='bbox 1295 1186 1381 1246; x_wconf 82' lang='lat' dir='ltr'><em>modo</em></span> 
     </span>
     <span class='ocr_line' id='line_1_9' title="bbox 165 1288 606 1357; baseline -0.009 -11"><span class='ocrx_word' id='word_1_64' title='bbox 165 1288 282 1346; x_wconf 86' lang='lat' dir='ltr'><em>diceas:</em></span> <span class='ocrx_word' id='word_1_65' title='bbox 602 1352 606 1357; x_wconf 39' lang='grc'><em>,</em></span> 
     </span>
    </p>

    <p class='ocr_par' dir='ltr' id='par_1_5' title="bbox 162 1381 1380 1658">
     <span class='ocr_line' id='line_1_10' title="bbox 223 1381 1380 1462; baseline -0.003 -19"><span class='ocrx_word' id='word_1_66' title='bbox 223 1386 283 1443; x_wconf 90' lang='lat' dir='ltr'><strong>Per</strong></span> <span class='ocrx_word' id='word_1_67' title='bbox 296 1385 386 1442; x_wconf 88' lang='lat' dir='ltr'><em>istam</em></span> <span class='ocrx_word' id='word_1_68' title='bbox 399 1389 532 1441; x_wconf 90' lang='lat' dir='ltr'><em>sanctam</em></span> <span class='ocrx_word' id='word_1_69' title='bbox 545 1381 767 1462; x_wconf 74' lang='lat' dir='ltr'><em>unc›1‹tionem</em></span> <span class='ocrx_word' id='word_1_70' title='bbox 781 1388 811 1439; x_wconf 88' lang='lat' dir='ltr'><em>et</em></span> <span class='ocrx_word' id='word_1_71' title='bbox 826 1401 910 1438; x_wconf 90' lang='lat' dir='ltr'><em>suam</em></span> <span class='ocrx_word' id='word_1_72' title='bbox 924 1381 1086 1458; x_wconf 89' lang='lat' dir='ltr'><em>piissimam</em></span> <span class='ocrx_word' id='word_1_73' title='bbox 1101 1381 1335 1440; x_wconf 86' lang='lat' dir='ltr'><em>misericordiam</em></span> <span class='ocrx_word' id='word_1_74' title='bbox 1348 1386 1380 1441; x_wconf 83' lang='lat' dir='ltr'><em>et</em></span> 
     </span>
     <span class='ocr_line' id='line_1_11' title="bbox 162 1478 1378 1560; baseline -0.002 -20"><span class='ocrx_word' id='word_1_75' title='bbox 162 1502 215 1560; x_wconf 91' lang='lat' dir='ltr'><em>per</em></span> <span class='ocrx_word' id='word_1_76' title='bbox 228 1482 471 1540; x_wconf 81' lang='lat' dir='ltr'><strong>intercessionem</strong></span> <span class='ocrx_word' id='word_1_77' title='bbox 491 1481 586 1538; x_wconf 83' lang='lat' dir='ltr'><em>beatae</em></span> <span class='ocrx_word' id='word_1_78' title='bbox 608 1481 714 1539; x_wconf 86' lang='lat' dir='ltr'><em>Mariae</em></span> <span class='ocrx_word' id='word_1_79' title='bbox 736 1480 862 1556; x_wconf 81' lang='lat' dir='ltr'><em>virginis</em></span> <span class='ocrx_word' id='word_1_80' title='bbox 881 1486 912 1536; x_wconf 85' lang='lat' dir='ltr'><em>et</em></span> <span class='ocrx_word' id='word_1_81' title='bbox 931 1480 1065 1536; x_wconf 88' lang='lat' dir='ltr'><em>omnium</em></span> <span class='ocrx_word' id='word_1_82' title='bbox 1086 1485 1267 1552; x_wconf 82' lang='lat' dir='ltr'><em>sanctorum,</em></span> <span class='ocrx_word' id='word_1_83' title='bbox 1283 1478 1378 1537; x_wconf 87' lang='lat' dir='ltr'><em>indul-</em></span> 
     </span>
     <span class='ocr_line' id='line_1_12' title="bbox 162 1576 1116 1658; baseline -0.006 -20"><span class='ocrx_word' id='word_1_84' title='bbox 162 1586 231 1658; x_wconf 85' lang='lat' dir='ltr'><em>geat</em></span> <span class='ocrx_word' id='word_1_85' title='bbox 243 1580 300 1636; x_wconf 91' lang='lat' dir='ltr'><em>tibi</em></span> <span class='ocrx_word' id='word_1_86' title='bbox 316 1578 464 1634; x_wconf 85' lang='lat' dir='ltr'><strong>Dominus</strong></span> <span class='ocrx_word' id='word_1_87' title='bbox 478 1577 621 1652; x_wconf 86' lang='lat' dir='ltr'><em>quicquid</em></span> <span class='ocrx_word' id='word_1_88' title='bbox 634 1576 763 1652; x_wconf 81' lang='lat' dir='ltr'><em>peccasti</em></span> <span class='ocrx_word' id='word_1_89' title='bbox 776 1596 829 1651; x_wconf 92' lang='lat' dir='ltr'><em>per</em></span> <span class='ocrx_word' id='word_1_90' title='bbox 842 1576 947 1634; x_wconf 88' lang='lat' dir='ltr'><em>visum.</em></span> <span class='ocrx_word' id='word_1_91' title='bbox 993 1577 1116 1651; x_wconf 39' lang='lat' dir='ltr'><em>Amen..</em></span> 
     </span>
    </p>

    <p class='ocr_par' dir='ltr' id='par_1_6' title="bbox 96 1668 1379 1843">
     <span class='ocr_line' id='line_1_13' title="bbox 222 1668 1379 1750; baseline -0.002 -17"><span class='ocrx_word' id='word_1_92' title='bbox 222 1674 341 1750; x_wconf 88' lang='lat' dir='ltr'><em>Semper</em></span> <span class='ocrx_word' id='word_1_93' title='bbox 354 1673 433 1731; x_wconf 84' lang='lat' dir='ltr'><em>ercim</em></span> <span class='ocrx_word' id='word_1_94' title='bbox 452 1672 578 1748; x_wconf 77' lang='lat' dir='ltr'><em>accipiat</em></span> <span class='ocrx_word' id='word_1_95' title='bbox 591 1671 732 1730; x_wconf 75' lang='lat' dir='ltr'><em>Sacerdos</em></span> <span class='ocrx_word' id='word_1_96' title='bbox 745 1671 780 1728; x_wconf 91' lang='lat' dir='ltr'><em>de</em></span> <span class='ocrx_word' id='word_1_97' title='bbox 789 1668 932 1746; x_wconf 79' lang='lat' dir='ltr'><em>proedicto</em></span> <span class='ocrx_word' id='word_1_98' title='bbox 947 1670 1005 1730; x_wconf 86' lang='lat' dir='ltr'><em>oleo</em></span> <span class='ocrx_word' id='word_1_99' title='bbox 1026 1672 1215 1746; x_wconf 80' lang='lat' dir='ltr'><em>infirmorum</em></span> <span class='ocrx_word' id='word_1_100' title='bbox 1228 1680 1255 1730; x_wconf 86' lang='lat' dir='ltr'><em>et</em></span> <span class='ocrx_word' id='word_1_101' title='bbox 1268 1691 1330 1731; x_wconf 81' lang='lat' dir='ltr'><em>mou</em></span> <span class='ocrx_word' id='word_1_102' title='bbox 1342 1671 1379 1731; x_wconf 75' lang='lat' dir='ltr'><em>ab</em></span> 
     </span>
     <span class='ocr_line' id='line_1_14' title="bbox 96 1762 936 1843; baseline -0.005 -13"><span class='ocrx_word' id='word_1_103' title='bbox 96 1762 99 1769; x_wconf 60' lang='grc'><strong>’</strong></span> <span class='ocrx_word' id='word_1_104' title='bbox 161 1771 228 1842; x_wconf 85' lang='lat' dir='ltr'><em>alio,</em></span> <span class='ocrx_word' id='word_1_105' title='bbox 243 1771 331 1828; x_wconf 86' lang='lat' dir='ltr'><em>douec</em></span> <span class='ocrx_word' id='word_1_106' title='bbox 345 1789 442 1826; x_wconf 85' lang='lat' dir='ltr'><em>omues</em></span> <span class='ocrx_word' id='word_1_107' title='bbox 455 1777 601 1843; x_wconf 81' lang='lat' dir='ltr'><em>sequentes</em></span> <span class='ocrx_word' id='word_1_108' title='bbox 614 1767 936 1843; x_wconf 82' lang='lat' dir='ltr'><em>urcctiouesfiuiautur.</em></span> 
     </span>
    </p>

    <p class='ocr_par' dir='ltr' id='par_1_7' title="bbox 224 1866 385 1924">
     <span class='ocr_line' id='line_1_15' title="bbox 224 1866 385 1924; baseline 0 -2"><span class='ocrx_word' id='word_1_109' title='bbox 224 1866 276 1924; x_wconf 84' lang='lat' dir='ltr'><em>Ad</em></span> <span class='ocrx_word' id='word_1_110' title='bbox 290 1885 385 1924; x_wconf 87' lang='lat' dir='ltr'><em>aures.</em></span> 
     </span>
    </p>

    <p class='ocr_par' dir='ltr' id='par_1_8' title="bbox 162 1958 1382 2234">
     <span class='ocr_line' id='line_1_16' title="bbox 225 1958 1382 2040; baseline 0.002 -20"><span class='ocrx_word' id='word_1_111' title='bbox 225 1962 285 2020; x_wconf 89' lang='lat' dir='ltr'><strong>Per</strong></span> <span class='ocrx_word' id='word_1_112' title='bbox 306 1963 396 2019; x_wconf 89' lang='lat' dir='ltr'><em>istam</em></span> <span class='ocrx_word' id='word_1_113' title='bbox 410 1966 544 2019; x_wconf 89' lang='lat' dir='ltr'><em>sanctam</em></span> <span class='ocrx_word' id='word_1_114' title='bbox 564 1958 786 2040; x_wconf 55' lang='lat' dir='ltr'><em>uncffltionem</em></span> <span class='ocrx_word' id='word_1_115' title='bbox 807 1967 838 2018; x_wconf 88' lang='lat' dir='ltr'><em>et</em></span> <span class='ocrx_word' id='word_1_116' title='bbox 859 1980 942 2018; x_wconf 89' lang='lat' dir='ltr'><em>suam</em></span> <span class='ocrx_word' id='word_1_117' title='bbox 963 1960 1128 2036; x_wconf 85' lang='lat' dir='ltr'><strong>piissimam</strong></span> <span class='ocrx_word' id='word_1_118' title='bbox 1148 1961 1382 2022; x_wconf 73' lang='lat' dir='ltr'><em>misericordiam</em></span> 
     </span>
     <span class='ocr_line' id='line_1_17' title="bbox 162 2058 1380 2136; baseline 0 -19"><span class='ocrx_word' id='word_1_119' title='bbox 162 2065 192 2118; x_wconf 88' lang='lat' dir='ltr'><em>et</em></span> <span class='ocrx_word' id='word_1_120' title='bbox 205 2079 259 2136; x_wconf 90' lang='lat' dir='ltr'><em>per</em></span> <span class='ocrx_word' id='word_1_121' title='bbox 274 2059 517 2117; x_wconf 81' lang='lat' dir='ltr'><em>intercessionem</em></span> <span class='ocrx_word' id='word_1_122' title='bbox 538 2059 632 2115; x_wconf 86' lang='lat' dir='ltr'><em>beatae</em></span> <span class='ocrx_word' id='word_1_123' title='bbox 656 2058 762 2114; x_wconf 84' lang='lat' dir='ltr'><em>Mariae</em></span> <span class='ocrx_word' id='word_1_124' title='bbox 784 2058 911 2134; x_wconf 86' lang='lat' dir='ltr'><em>virginis</em></span> <span class='ocrx_word' id='word_1_125' title='bbox 932 2063 962 2115; x_wconf 86' lang='lat' dir='ltr'><em>et</em></span> <span class='ocrx_word' id='word_1_126' title='bbox 984 2059 1117 2115; x_wconf 90' lang='lat' dir='ltr'><em>omnium</em></span> <span class='ocrx_word' id='word_1_127' title='bbox 1139 2064 1318 2133; x_wconf 84' lang='lat' dir='ltr'><em>sanctorum,</em></span> <span class='ocrx_word' id='word_1_128' title='bbox 1334 2059 1380 2117; x_wconf 93' lang='lat' dir='ltr'><em>in·</em></span> 
     </span>
     <span class='ocr_line' id='line_1_18' title="bbox 162 2154 1195 2234; baseline -0.002 -19"><span class='ocrx_word' id='word_1_129' title='bbox 162 2157 283 2234; x_wconf 86' lang='lat' dir='ltr'><em>dulgeat</em></span> <span class='ocrx_word' id='word_1_130' title='bbox 297 2155 355 2213; x_wconf 92' lang='lat' dir='ltr'><em>tibi</em></span> <span class='ocrx_word' id='word_1_131' title='bbox 370 2155 519 2221; x_wconf 88' lang='lat' dir='ltr'><em>Dominus</em></span> <span class='ocrx_word' id='word_1_132' title='bbox 532 2154 676 2232; x_wconf 87' lang='lat' dir='ltr'><em>quicquid</em></span> <span class='ocrx_word' id='word_1_133' title='bbox 689 2155 817 2231; x_wconf 82' lang='lat' dir='ltr'><em>peccasti</em></span> <span class='ocrx_word' id='word_1_134' title='bbox 831 2174 884 2230; x_wconf 89' lang='lat' dir='ltr'><em>per</em></span> <span class='ocrx_word' id='word_1_135' title='bbox 897 2155 1043 2212; x_wconf 85' lang='lat' dir='ltr'><em>auditum.</em></span> <span class='ocrx_word' id='word_1_136' title='bbox 1086 2155 1195 2214; x_wconf 87' lang='lat' dir='ltr'><em>Amen.</em></span> 
     </span>
    </p>

    <p class='ocr_par' dir='ltr' id='par_1_9' title="bbox 223 2252 379 2311">
     <span class='ocr_line' id='line_1_19' title="bbox 223 2252 379 2311; baseline -0.006 0"><span class='ocrx_word' id='word_1_137' title='bbox 223 2255 274 2311; x_wconf 80' lang='lat' dir='ltr'><em>Ad</em></span> <span class='ocrx_word' id='word_1_138' title='bbox 289 2252 379 2310; x_wconf 82' lang='lat' dir='ltr'><em>labia.</em></span> 
     </span>
    </p>

    <p class='ocr_par' dir='ltr' id='par_1_10' title="bbox 161 2345 1382 2699">
     <span class='ocr_line' id='line_1_20' title="bbox 225 2345 1382 2426; baseline 0.001 -19"><span class='ocrx_word' id='word_1_139' title='bbox 225 2349 284 2407; x_wconf 90' lang='lat' dir='ltr'><strong>Per</strong></span> <span class='ocrx_word' id='word_1_140' title='bbox 304 2349 395 2407; x_wconf 86' lang='lat' dir='ltr'><em>istam</em></span> <span class='ocrx_word' id='word_1_141' title='bbox 409 2353 542 2406; x_wconf 82' lang='lat' dir='ltr'><em>sanctam</em></span> <span class='ocrx_word' id='word_1_142' title='bbox 561 2345 784 2426; x_wconf 57' lang='lat' dir='ltr'><em>uncffitionem</em></span> <span class='ocrx_word' id='word_1_143' title='bbox 804 2353 835 2404; x_wconf 91' lang='lat' dir='ltr'><em>et</em></span> <span class='ocrx_word' id='word_1_144' title='bbox 856 2366 941 2404; x_wconf 86' lang='lat' dir='ltr'><em>suam</em></span> <span class='ocrx_word' id='word_1_145' title='bbox 961 2348 1127 2424; x_wconf 86' lang='lat' dir='ltr'><em>piissimam</em></span> <span class='ocrx_word' id='word_1_146' title='bbox 1147 2348 1382 2408; x_wconf 85' lang='lat' dir='ltr'><em>misericordiam</em></span> 
     </span>
     <span class='ocr_line' id='line_1_21' title="bbox 161 2444 1381 2522; baseline 0.001 -18"><span class='ocrx_word' id='word_1_147' title='bbox 161 2453 193 2504; x_wconf 89' lang='lat' dir='ltr'><em>et</em></span> <span class='ocrx_word' id='word_1_148' title='bbox 207 2466 259 2522; x_wconf 86' lang='lat' dir='ltr'><em>per</em></span> <span class='ocrx_word' id='word_1_149' title='bbox 272 2447 514 2504; x_wconf 81' lang='lat' dir='ltr'><strong>intercessionem</strong></span> <span class='ocrx_word' id='word_1_150' title='bbox 527 2445 621 2503; x_wconf 86' lang='lat' dir='ltr'><em>beatae</em></span> <span class='ocrx_word' id='word_1_151' title='bbox 637 2445 742 2501; x_wconf 88' lang='lat' dir='ltr'><em>Mariae</em></span> <span class='ocrx_word' id='word_1_152' title='bbox 757 2444 882 2520; x_wconf 84' lang='lat' dir='ltr'><em>virginis</em></span> <span class='ocrx_word' id='word_1_153' title='bbox 897 2450 928 2502; x_wconf 89' lang='lat' dir='ltr'><em>et</em></span> <span class='ocrx_word' id='word_1_154' title='bbox 941 2445 1075 2502; x_wconf 86' lang='lat' dir='ltr'><em>omnium</em></span> <span class='ocrx_word' id='word_1_155' title='bbox 1090 2451 1271 2517; x_wconf 89' lang='lat' dir='ltr'><em>sanctorum,</em></span> <span class='ocrx_word' id='word_1_156' title='bbox 1282 2446 1381 2505; x_wconf 90' lang='lat' dir='ltr'><em>indul·</em></span> 
     </span>
     <span class='ocr_line' id='line_1_22' title="bbox 162 2541 1378 2620; baseline 0.002 -20"><span class='ocrx_word' id='word_1_157' title='bbox 162 2549 230 2620; x_wconf 84' lang='lat' dir='ltr'><em>geat</em></span> <span class='ocrx_word' id='word_1_158' title='bbox 257 2543 315 2599; x_wconf 89' lang='lat' dir='ltr'><em>tibi</em></span> <span class='ocrx_word' id='word_1_159' title='bbox 342 2543 491 2600; x_wconf 86' lang='lat' dir='ltr'><strong>Dominus</strong></span> <span class='ocrx_word' id='word_1_160' title='bbox 525 2541 668 2618; x_wconf 87' lang='lat' dir='ltr'><em>quicquid</em></span> <span class='ocrx_word' id='word_1_161' title='bbox 702 2541 831 2617; x_wconf 80' lang='lat' dir='ltr'><em>peccasti</em></span> <span class='ocrx_word' id='word_1_162' title='bbox 856 2559 911 2617; x_wconf 88' lang='lat' dir='ltr'><em>per</em></span> <span class='ocrx_word' id='word_1_163' title='bbox 937 2547 1059 2617; x_wconf 85' lang='lat' dir='ltr'><em>gustum</em></span> <span class='ocrx_word' id='word_1_164' title='bbox 1086 2547 1117 2599; x_wconf 88' lang='lat' dir='ltr'><em>et</em></span> <span class='ocrx_word' id='word_1_165' title='bbox 1144 2542 1252 2601; x_wconf 83' lang='lat' dir='ltr'><em>illicita</em></span> <span class='ocrx_word' id='word_1_166' title='bbox 1278 2543 1378 2602; x_wconf 74' lang='lat' dir='ltr'><strong>verbs.</strong></span> 
     </span>
     <span class='ocr_line' id='line_1_23' title="bbox 164 2639 1011 2699; baseline 0 -3"><span class='ocrx_word' id='word_1_167' title='bbox 164 2639 273 2699; x_wconf 85' lang='lat' dir='ltr'><em>Amen.</em></span> <span class='ocrx_word' id='word_1_168' title='bbox 1008 2666 1011 2671; x_wconf 95' lang='lat'>·</span> 
     </span>
    </p>

    <p class='ocr_par' dir='ltr' id='par_1_11' title="bbox 224 2734 518 2806">
     <span class='ocr_line' id='line_1_24' title="bbox 224 2734 518 2806; baseline 0.007 -16"><span class='ocrx_word' id='word_1_169' title='bbox 224 2734 275 2791; x_wconf 77' lang='lat' dir='ltr'><em>Aa</em></span> <span class='ocrx_word' id='word_1_170' title='bbox 288 2755 383 2806; x_wconf 84' lang='lat' dir='ltr'><em>mares,</em></span> <span class='ocrx_word' id='word_1_171' title='bbox 400 2735 499 2793; x_wconf 83' lang='lat' dir='ltr'><em>diceus</em></span> <span class='ocrx_word' id='word_1_172' title='bbox 508 2759 518 2794; x_wconf 94' lang='lat'><em>:</em></span> 
     </span>
    </p>

    <p class='ocr_par' dir='ltr' id='par_1_12' title="bbox 106 2830 1380 3102">
     <span class='ocr_line' id='line_1_25' title="bbox 225 2830 1379 2911; baseline 0.006 -24"><span class='ocrx_word' id='word_1_173' title='bbox 225 2830 285 2888; x_wconf 88' lang='lat' dir='ltr'><strong>Per</strong></span> <span class='ocrx_word' id='word_1_174' title='bbox 305 2832 394 2887; x_wconf 89' lang='lat' dir='ltr'><em>istam</em></span> <span class='ocrx_word' id='word_1_175' title='bbox 408 2836 542 2887; x_wconf 83' lang='lat' dir='ltr'><em>sanctam</em></span> <span class='ocrx_word' id='word_1_176' title='bbox 562 2830 784 2911; x_wconf 58' lang='lat' dir='ltr'><em>uncffitionem</em></span> <span class='ocrx_word' id='word_1_177' title='bbox 805 2837 836 2889; x_wconf 90' lang='lat' dir='ltr'><em>et</em></span> <span class='ocrx_word' id='word_1_178' title='bbox 858 2851 940 2889; x_wconf 74' lang='lat' dir='ltr'><em>eriam</em></span> <span class='ocrx_word' id='word_1_179' title='bbox 962 2833 1128 2910; x_wconf 86' lang='lat' dir='ltr'><strong>piissimam</strong></span> <span class='ocrx_word' id='word_1_180' title='bbox 1147 2833 1379 2893; x_wconf 67' lang='lat' dir='ltr'><em>misericordiam</em></span> 
     </span>
     <span class='ocr_line' id='line_1_26' title="bbox 164 2926 1380 3005; baseline 0.005 -21"><span class='ocrx_word' id='word_1_181' title='bbox 164 2934 195 2984; x_wconf 86' lang='lat' dir='ltr'><em>et</em></span> <span class='ocrx_word' id='word_1_182' title='bbox 208 2946 260 3004; x_wconf 90' lang='lat' dir='ltr'><em>per</em></span> <span class='ocrx_word' id='word_1_183' title='bbox 277 2926 517 2984; x_wconf 82' lang='lat' dir='ltr'><strong>intercessionem</strong></span> <span class='ocrx_word' id='word_1_184' title='bbox 540 2927 634 2985; x_wconf 81' lang='lat' dir='ltr'><em>beatae</em></span> <span class='ocrx_word' id='word_1_185' title='bbox 656 2928 763 2985; x_wconf 88' lang='lat' dir='ltr'><em>Mariae</em></span> <span class='ocrx_word' id='word_1_186' title='bbox 785 2928 910 3003; x_wconf 83' lang='lat' dir='ltr'><em>virginis</em></span> <span class='ocrx_word' id='word_1_187' title='bbox 931 2934 962 2984; x_wconf 89' lang='lat' dir='ltr'><em>et</em></span> <span class='ocrx_word' id='word_1_188' title='bbox 986 2929 1121 2986; x_wconf 88' lang='lat' dir='ltr'><em>omnium</em></span> <span class='ocrx_word' id='word_1_189' title='bbox 1141 2936 1322 3005; x_wconf 80' lang='lat' dir='ltr'><em>sanctorum,</em></span> <span class='ocrx_word' id='word_1_190' title='bbox 1336 2931 1380 2990; x_wconf 90' lang='lat' dir='ltr'><em>in·</em></span> 
     </span>
     <span class='ocr_line' id='line_1_27' title="bbox 106 3014 1214 3102; baseline 0.001 -19"><span class='ocrx_word' id='word_1_191' title='bbox 106 3014 111 3021; x_wconf 56' lang='grc'><strong>’</strong></span> <span class='ocrx_word' id='word_1_192' title='bbox 167 3024 287 3100; x_wconf 84' lang='lat' dir='ltr'><em>dulgeat</em></span> <span class='ocrx_word' id='word_1_193' title='bbox 301 3024 359 3081; x_wconf 90' lang='lat' dir='ltr'><em>tibi</em></span> <span class='ocrx_word' id='word_1_194' title='bbox 373 3024 521 3081; x_wconf 86' lang='lat' dir='ltr'><strong>Dominus</strong></span> <span class='ocrx_word' id='word_1_195' title='bbox 535 3024 676 3100; x_wconf 90' lang='lat' dir='ltr'><em>quicquid</em></span> <span class='ocrx_word' id='word_1_196' title='bbox 689 3026 819 3100; x_wconf 79' lang='lat' dir='ltr'><em>peccasti</em></span> <span class='ocrx_word' id='word_1_197' title='bbox 831 3045 884 3102; x_wconf 91' lang='lat' dir='ltr'><em>per</em></span> <span class='ocrx_word' id='word_1_198' title='bbox 898 3025 1063 3084; x_wconf 85' lang='lat' dir='ltr'><em>odoratum.</em></span> <span class='ocrx_word' id='word_1_199' title='bbox 1105 3026 1214 3085; x_wconf 81' lang='lat' dir='ltr'><em>Amen</em></span> 
     </span>
    </p>

    <p class='ocr_par' dir='ltr' id='par_1_13' title="bbox 163 3121 1381 3391">
     <span class='ocr_line' id='line_1_28' title="bbox 224 3121 1380 3198; baseline 0.007 -21"><span class='ocrx_word' id='word_1_200' title='bbox 224 3121 265 3177; x_wconf 84' lang='lat' dir='ltr'><em>M</em></span> <span class='ocrx_word' id='word_1_201' title='bbox 261 3141 339 3178; x_wconf 84' lang='lat' dir='ltr'><em>auus</em></span> <span class='ocrx_word' id='word_1_202' title='bbox 352 3121 467 3196; x_wconf 81' lang='lat' dir='ltr'><em>infirmi</em></span> <span class='ocrx_word' id='word_1_203' title='bbox 484 3121 647 3180; x_wconf 80' lang='lat' dir='ltr'><em>Sacerdotis</em></span> <span class='ocrx_word' id='word_1_204' title='bbox 667 3122 767 3180; x_wconf 80' lang='lat' dir='ltr'><em>deberit</em></span> <span class='ocrx_word' id='word_1_205' title='bbox 780 3121 889 3196; x_wconf 73' lang='lat' dir='ltr'><em>irrumpi</em></span> <span class='ocrx_word' id='word_1_206' title='bbox 902 3122 936 3179; x_wconf 86' lang='lat' dir='ltr'><em>iu</em></span> <span class='ocrx_word' id='word_1_207' title='bbox 945 3123 1084 3198; x_wconf 80' lang='lat' dir='ltr'><em>portibus</em></span> <span class='ocrx_word' id='word_1_208' title='bbox 1096 3123 1294 3198; x_wconf 71' lang='lat' dir='ltr'><em>exterioribus,</em></span> <span class='ocrx_word' id='word_1_209' title='bbox 1308 3144 1380 3184; x_wconf 82' lang='lat' dir='ltr'><em>mam</em></span> 
     </span>
     <span class='ocr_line' id='line_1_29' title="bbox 163 3217 1381 3298; baseline 0.004 -22"><span class='ocrx_word' id='word_1_210' title='bbox 163 3226 190 3276; x_wconf 89' lang='lat' dir='ltr'><em>et</em></span> <span class='ocrx_word' id='word_1_211' title='bbox 211 3218 360 3294; x_wconf 88' lang='lat' dir='ltr'><em>episcopus</em></span> <span class='ocrx_word' id='word_1_212' title='bbox 379 3217 504 3293; x_wconf 64' lang='lat' dir='ltr'><em>uouebat</em></span> <span class='ocrx_word' id='word_1_213' title='bbox 523 3218 558 3276; x_wconf 88' lang='lat' dir='ltr'><em>iu</em></span> <span class='ocrx_word' id='word_1_214' title='bbox 573 3218 714 3294; x_wconf 85' lang='lat' dir='ltr'><em>partibus</em></span> <span class='ocrx_word' id='word_1_215' title='bbox 729 3219 926 3277; x_wconf 79' lang='lat' dir='ltr'><em>interioribus.</em></span> <span class='ocrx_word' id='word_1_216' title='bbox 968 3219 1082 3277; x_wconf 80' lang='lat' dir='ltr'><em>Marcus</em></span> <span class='ocrx_word' id='word_1_217' title='bbox 1095 3240 1160 3279; x_wconf 86' lang='lat' dir='ltr'><em>cero</em></span> <span class='ocrx_word' id='word_1_218' title='bbox 1181 3221 1381 3298; x_wconf 75' lang='lat' dir='ltr'><em>cujuscumque</em></span> 
     </span>
     <span class='ocr_line' id='line_1_30' title="bbox 167 3314 1163 3391; baseline 0 -18"><span class='ocrx_word' id='word_1_219' title='bbox 167 3314 290 3374; x_wconf 86' lang='lat' dir='ltr'><em>alterius</em></span> <span class='ocrx_word' id='word_1_220' title='bbox 303 3316 419 3391; x_wconf 74' lang='lat' dir='ltr'><em>infirmi</em></span> <span class='ocrx_word' id='word_1_221' title='bbox 432 3316 531 3374; x_wconf 75' lang='lat' dir='ltr'><em>debera</em></span> <span class='ocrx_word' id='word_1_222' title='bbox 544 3316 620 3391; x_wconf 72' lang='lat' dir='ltr'><em>uupi</em></span> <span class='ocrx_word' id='word_1_223' title='bbox 633 3315 767 3374; x_wconf 79' lang='lat' dir='ltr'><em>interius.</em></span> <span class='ocrx_word' id='word_1_224' title='bbox 1160 3320 1163 3325; x_wconf 85' lang='lat'>&#39;</span> 
     </span>
    </p>

    <p class='ocr_par' dir='ltr' id='par_1_14' title="bbox 228 3412 588 3488">
     <span class='ocr_line' id='line_1_31' title="bbox 228 3412 588 3488; baseline 0.003 -18"><span class='ocrx_word' id='word_1_225' title='bbox 228 3412 325 3488; x_wconf 86' lang='lat' dir='ltr'><em>Super</em></span> <span class='ocrx_word' id='word_1_226' title='bbox 338 3433 455 3485; x_wconf 80' lang='lat' dir='ltr'><em>marrus,</em></span> <span class='ocrx_word' id='word_1_227' title='bbox 471 3414 588 3472; x_wconf 83' lang='lat' dir='ltr'><em>diceus:</em></span> 
     </span>
    </p>

    <p class='ocr_par' dir='ltr' id='par_1_15' title="bbox 166 3507 1380 3859">
     <span class='ocr_line' id='line_1_32' title="bbox 229 3507 1379 3588; baseline 0.004 -22"><span class='ocrx_word' id='word_1_228' title='bbox 229 3509 289 3566; x_wconf 90' lang='lat' dir='ltr'><strong>Per</strong></span> <span class='ocrx_word' id='word_1_229' title='bbox 308 3510 398 3567; x_wconf 87' lang='lat' dir='ltr'><em>istam</em></span> <span class='ocrx_word' id='word_1_230' title='bbox 412 3516 544 3567; x_wconf 88' lang='lat' dir='ltr'><em>sanctam</em></span> <span class='ocrx_word' id='word_1_231' title='bbox 564 3507 784 3588; x_wconf 57' lang='lat' dir='ltr'><em>uncffitionem</em></span> <span class='ocrx_word' id='word_1_232' title='bbox 807 3514 838 3566; x_wconf 90' lang='lat' dir='ltr'><em>ct</em></span> <span class='ocrx_word' id='word_1_233' title='bbox 859 3529 943 3566; x_wconf 88' lang='lat' dir='ltr'><em>suam</em></span> <span class='ocrx_word' id='word_1_234' title='bbox 965 3508 1127 3587; x_wconf 85' lang='lat' dir='ltr'><em>piissimam</em></span> <span class='ocrx_word' id='word_1_235' title='bbox 1147 3511 1379 3571; x_wconf 77' lang='lat' dir='ltr'><em>misericordiam</em></span> 
     </span>
     <span class='ocr_line' id='line_1_33' title="bbox 167 3604 1380 3682; baseline 0.002 -18"><span class='ocrx_word' id='word_1_236' title='bbox 167 3611 198 3664; x_wconf 88' lang='lat' dir='ltr'><em>et</em></span> <span class='ocrx_word' id='word_1_237' title='bbox 210 3625 264 3681; x_wconf 90' lang='lat' dir='ltr'><em>per</em></span> <span class='ocrx_word' id='word_1_238' title='bbox 283 3606 524 3664; x_wconf 87' lang='lat' dir='ltr'><em>intercessionem</em></span> <span class='ocrx_word' id='word_1_239' title='bbox 545 3606 638 3663; x_wconf 88' lang='lat' dir='ltr'><em>beatae</em></span> <span class='ocrx_word' id='word_1_240' title='bbox 660 3604 766 3661; x_wconf 76' lang='lat' dir='ltr'><em>Maria</em></span> <span class='ocrx_word' id='word_1_241' title='bbox 787 3605 913 3681; x_wconf 85' lang='lat' dir='ltr'><em>virginis</em></span> <span class='ocrx_word' id='word_1_242' title='bbox 935 3611 966 3662; x_wconf 88' lang='lat' dir='ltr'><em>et</em></span> <span class='ocrx_word' id='word_1_243' title='bbox 989 3607 1123 3663; x_wconf 91' lang='lat' dir='ltr'><em>omnium</em></span> <span class='ocrx_word' id='word_1_244' title='bbox 1143 3616 1323 3682; x_wconf 84' lang='lat' dir='ltr'><em>sanctorum,</em></span> <span class='ocrx_word' id='word_1_245' title='bbox 1337 3608 1380 3665; x_wconf 91' lang='lat' dir='ltr'><em>in·</em></span> 
     </span>
     <span class='ocr_line' id='line_1_34' title="bbox 166 3701 1378 3782; baseline 0.005 -21"><span class='ocrx_word' id='word_1_246' title='bbox 166 3703 288 3780; x_wconf 85' lang='lat' dir='ltr'><em>dulgeat</em></span> <span class='ocrx_word' id='word_1_247' title='bbox 314 3704 372 3761; x_wconf 88' lang='lat' dir='ltr'><em>tibi</em></span> <span class='ocrx_word' id='word_1_248' title='bbox 399 3703 547 3760; x_wconf 88' lang='lat' dir='ltr'><em>Dominus</em></span> <span class='ocrx_word' id='word_1_249' title='bbox 575 3701 718 3779; x_wconf 89' lang='lat' dir='ltr'><em>quicquid</em></span> <span class='ocrx_word' id='word_1_250' title='bbox 744 3703 873 3778; x_wconf 90' lang='lat' dir='ltr'><em>peccasti</em></span> <span class='ocrx_word' id='word_1_251' title='bbox 900 3722 953 3779; x_wconf 89' lang='lat' dir='ltr'><em>per</em></span> <span class='ocrx_word' id='word_1_252' title='bbox 975 3709 1091 3760; x_wconf 88' lang='lat' dir='ltr'><em>tactum</em></span> <span class='ocrx_word' id='word_1_253' title='bbox 1113 3709 1144 3761; x_wconf 89' lang='lat' dir='ltr'><em>et</em></span> <span class='ocrx_word' id='word_1_254' title='bbox 1168 3707 1378 3782; x_wconf 86' lang='lat' dir='ltr'><em>operationem.</em></span> 
     </span>
     <span class='ocr_line' id='line_1_35' title="bbox 168 3794 429 3859; baseline -0.004 0"><span class='ocrx_word' id='word_1_255' title='bbox 168 3800 278 3859; x_wconf 88' lang='lat' dir='ltr'><em>Amen.</em></span> <span class='ocrx_word' id='word_1_256' title='bbox 424 3794 429 3804; x_wconf 74' lang='grc'><strong><em>’</em></strong></span> 
     </span>
    </p>

    <p class='ocr_par' dir='ltr' id='par_1_16' title="bbox 228 3896 520 3974">
     <span class='ocr_line' id='line_1_36' title="bbox 228 3896 520 3974; baseline -0.003 -19"><span class='ocrx_word' id='word_1_257' title='bbox 228 3899 280 3956; x_wconf 83' lang='lat' dir='ltr'><em>Ad</em></span> <span class='ocrx_word' id='word_1_258' title='bbox 288 3899 386 3974; x_wconf 82' lang='lat' dir='ltr'><em>pedes,</em></span> <span class='ocrx_word' id='word_1_259' title='bbox 401 3896 500 3955; x_wconf 83' lang='lat' dir='ltr'><em>diceus</em></span> <span class='ocrx_word' id='word_1_260' title='bbox 510 3919 520 3956; x_wconf 92' lang='lat'><em>:</em></span> 
     </span>
    </p>

    <p class='ocr_par' dir='ltr' id='par_1_17' title="bbox 167 3990 1383 4268">
     <span class='ocr_line' id='line_1_37' title="bbox 229 3990 1383 4071; baseline 0.003 -17"><span class='ocrx_word' id='word_1_261' title='bbox 229 3996 288 4054; x_wconf 87' lang='lat' dir='ltr'><strong>Per</strong></span> <span class='ocrx_word' id='word_1_262' title='bbox 308 3997 397 4054; x_wconf 85' lang='lat' dir='ltr'><em>istam</em></span> <span class='ocrx_word' id='word_1_263' title='bbox 411 4000 544 4052; x_wconf 88' lang='lat' dir='ltr'><em>sanctam</em></span> <span class='ocrx_word' id='word_1_264' title='bbox 557 3990 770 4071; x_wconf 54' lang='lat' dir='ltr'><em>uncffltionem</em></span> <span class='ocrx_word' id='word_1_265' title='bbox 785 3999 815 4050; x_wconf 89' lang='lat' dir='ltr'><em>et</em></span> <span class='ocrx_word' id='word_1_266' title='bbox 830 4013 914 4050; x_wconf 83' lang='lat' dir='ltr'><em>suam</em></span> <span class='ocrx_word' id='word_1_267' title='bbox 927 3994 1091 4070; x_wconf 88' lang='lat' dir='ltr'><em>piissimam</em></span> <span class='ocrx_word' id='word_1_268' title='bbox 1104 3996 1338 4057; x_wconf 75' lang='lat' dir='ltr'><em>misericordiam</em></span> <span class='ocrx_word' id='word_1_269' title='bbox 1351 4002 1383 4058; x_wconf 85' lang='lat' dir='ltr'><em>et</em></span> 
     </span>
     <span class='ocr_line' id='line_1_38' title="bbox 167 4091 1383 4177; baseline 0.003 -24"><span class='ocrx_word' id='word_1_270' title='bbox 167 4114 220 4174; x_wconf 88' lang='lat' dir='ltr'><em>per</em></span> <span class='ocrx_word' id='word_1_271' title='bbox 233 4096 474 4153; x_wconf 85' lang='lat' dir='ltr'><em>intercessionem</em></span> <span class='ocrx_word' id='word_1_272' title='bbox 487 4095 581 4150; x_wconf 88' lang='lat' dir='ltr'><em>beatae</em></span> <span class='ocrx_word' id='word_1_273' title='bbox 596 4091 701 4148; x_wconf 76' lang='lat' dir='ltr'><em>Maria</em></span> <span class='ocrx_word' id='word_1_274' title='bbox 716 4093 840 4168; x_wconf 82' lang='lat' dir='ltr'><em>virginis</em></span> <span class='ocrx_word' id='word_1_275' title='bbox 852 4100 882 4149; x_wconf 88' lang='lat' dir='ltr'><em>et</em></span> <span class='ocrx_word' id='word_1_276' title='bbox 892 4094 1026 4151; x_wconf 86' lang='lat' dir='ltr'><em>omnium</em></span> <span class='ocrx_word' id='word_1_277' title='bbox 1036 4101 1216 4171; x_wconf 88' lang='lat' dir='ltr'><em>sanctorum,</em></span> <span class='ocrx_word' id='word_1_278' title='bbox 1228 4097 1383 4177; x_wconf 70' lang='lat' dir='ltr'><em>indulgeat</em></span> 
     </span>
     <span class='ocr_line' id='line_1_39' title="bbox 167 4189 1238 4268; baseline 0 -18"><span class='ocrx_word' id='word_1_279' title='bbox 167 4194 225 4250; x_wconf 88' lang='lat' dir='ltr'><em>tibi</em></span> <span class='ocrx_word' id='word_1_280' title='bbox 239 4194 388 4250; x_wconf 88' lang='lat' dir='ltr'><em>Dominus</em></span> <span class='ocrx_word' id='word_1_281' title='bbox 401 4190 543 4268; x_wconf 88' lang='lat' dir='ltr'><em>quicquid</em></span> <span class='ocrx_word' id='word_1_282' title='bbox 556 4189 684 4266; x_wconf 89' lang='lat' dir='ltr'><em>peccasti</em></span> <span class='ocrx_word' id='word_1_283' title='bbox 697 4207 750 4264; x_wconf 89' lang='lat' dir='ltr'><em>per</em></span> <span class='ocrx_word' id='word_1_284' title='bbox 763 4191 908 4248; x_wconf 90' lang='lat' dir='ltr'><em>incessum</em></span> <span class='ocrx_word' id='word_1_285' title='bbox 918 4191 1039 4266; x_wconf 86' lang='lat' dir='ltr'><em>pedum.</em></span> <span class='ocrx_word' id='word_1_286' title='bbox 1081 4191 1188 4252; x_wconf 88' lang='lat' dir='ltr'><em>Amen.</em></span> <span class='ocrx_word' id='word_1_287' title='bbox 1235 4234 1238 4240; x_wconf 86' lang='lat'><em>-</em></span> 
     </span>
    </p>

    <p class='ocr_par' dir='ltr' id='par_1_18' title="bbox 230 4289 480 4360">
     <span class='ocr_line' id='line_1_40' title="bbox 230 4289 480 4360; baseline -0.004 -13"><span class='ocrx_word' id='word_1_288' title='bbox 230 4289 347 4360; x_wconf 78' lang='lat' dir='ltr'><em>Adur,</em></span> <span class='ocrx_word' id='word_1_289' title='bbox 363 4290 480 4346; x_wconf 77' lang='lat' dir='ltr'><em>diceres:</em></span> 
     </span>
    </p>

    <p class='ocr_par' dir='ltr' id='par_1_19' title="bbox 231 4381 1383 4463">
     <span class='ocr_line' id='line_1_41' title="bbox 231 4381 1383 4463; baseline 0.008 -21"><span class='ocrx_word' id='word_1_290' title='bbox 231 4385 290 4443; x_wconf 89' lang='lat' dir='ltr'><strong>Per</strong></span> <span class='ocrx_word' id='word_1_291' title='bbox 303 4386 392 4444; x_wconf 84' lang='lat' dir='ltr'><em>istam</em></span> <span class='ocrx_word' id='word_1_292' title='bbox 411 4391 545 4444; x_wconf 87' lang='lat' dir='ltr'><em>sanctam</em></span> <span class='ocrx_word' id='word_1_293' title='bbox 557 4381 771 4462; x_wconf 60' lang='lat' dir='ltr'><em>nncs1&lt;tionem</em></span> <span class='ocrx_word' id='word_1_294' title='bbox 784 4390 815 4443; x_wconf 84' lang='lat' dir='ltr'><em>et</em></span> <span class='ocrx_word' id='word_1_295' title='bbox 829 4404 913 4444; x_wconf 86' lang='lat' dir='ltr'><em>snam</em></span> <span class='ocrx_word' id='word_1_296' title='bbox 926 4385 1089 4463; x_wconf 83' lang='lat' dir='ltr'><em>piissimam</em></span> <span class='ocrx_word' id='word_1_297' title='bbox 1107 4388 1343 4452; x_wconf 74' lang='lat' dir='ltr'><em>misericordiam</em></span> <span class='ocrx_word' id='word_1_298' title='bbox 1352 4397 1383 4453; x_wconf 78' lang='lat' dir='ltr'><em>et</em></span> 
     </span>
    </p>
   </div>
   <div class='ocr_carea' id='block_1_4' title="bbox 0 0 1431 4800">
    <p class='ocr_par' dir='ltr' id='par_1_20' title="bbox 0 0 1431 4800">
     <span class='ocr_line' id='line_1_42' title="bbox 0 0 1431 4800; baseline 0 0"><span class='ocrx_word' id='word_1_299' title='bbox 0 0 1431 4800; x_wconf 95' lang='lat' dir='ltr'><em> </em></span> 
     </span>
    </p>
   </div>
  </div>
 </body>
</html>
