2850 4800
380 295 548 361 Manuale
562 294 609 361 ad
622 316 728 361 asam
741 294 834 363 Sara
839 316 883 363 m.

245 504 361 563 ORDO
382 504 445 561 AD
466 502 749 561 VISITANDUM
769 502 821 561 IN
828 502 1026 563 FIRMUM.

90 632 250 707 Inprimis
265 633 408 689 inductae
421 630 561 689 Sacerdos
570 630 768 707 superpellicio
778 651 847 691 eam
860 630 949 703 aloia,
966 642 995 693 et
1009 634 1045 691 ia
1059 634 1166 693 eander

30 732 97 771 cane
106 714 168 773 siais
179 713 323 769 ministris
336 722 440 787 septem
450 711 583 769 Paulines
592 711 814 787 paenitentiales,
829 732 902 771 eum
916 712 1028 773 Gloria
1037 714 1127 787 Patri,
1139 722 1161 773 ei

32 792 211 867 drriiplioau,
227 793 275 849 Ne
287 792 490 849 reminiscaris.

92 873 237 930 I'sulmas.
281 873 419 944 Domine,
433 892 471 929 ne
485 872 518 929 in
531 871 631 930 furore
644 876 706 931 tue.

94 952 197 1010 Gloria
211 953 303 1012 Patri.
347 953 432 1010 Sicut
445 958 517 1010 erat.

91 1033 239 1091 Paulinus.
283 1034 370 1090 Beati
383 1052 511 1109 quorum
524 1032 652 1090 remissae
666 1038 738 1090 sunt
749 1032 941 1109 iniquitates.

95 1114 197 1171 Gloria
211 1113 304 1170 Patri.

94 1194 240 1251 Piscinam.
283 1193 421 1264 Domine,
435 1212 474 1250 ne
486 1193 520 1250 in
533 1194 632 1251 surore
645 1199 707 1251 tuo.

95 1273 198 1331 Gloria
213 1274 304 1331 Patri.

95 1354 239 1412 Paelmus.
284 1354 426 1411 Miserere
439 1355 507 1427 mei,
524 1354 614 1412 Deus.

97 1434 200 1492 Gloria
214 1435 305 1492 Patri

94 1516 240 1573 Psalmis.
284 1514 420 1587 Domine,
436 1514 546 1572 exaudi
559 1513 724 1572 orationem
738 1533 843 1587 meam,
859 1520 893 1575 et
906 1516 1033 1576 clamor.

96 1595 199 1653 Gloria
212 1596 304 1653 Patri.

95 1675 242 1732 Paalaaa.
286 1676 334 1733 Do
347 1675 500 1752 profundis
514 1675 648 1733 clamavi.

98 1754 201 1812 Gloria
215 1757 311 1815 Patri.

98 1835 243 1894 Paulam.
287 1837 424 1909 Domine,
439 1836 547 1894 exaudi
560 1837 724 1894 orationem
737 1856 842 1909 meam,
858 1837 999 1897 auribus.

99 1916 202 1974 Gloria
216 1917 308 1975 Patri.

98 1997 278 2072 Aralipleoau.
465 2062 469 2069 ,

98 2078 146 2135 Ne
164 2078 369 2151 reminiscaris,
391 2079 528 2149 Domine,
547 2078 656 2135 delicta
675 2083 784 2147 nostra,
805 2078 853 2135 vel
873 2085 1042 2154 parentum
1063 2088 1166 2141 nostro·

36 2177 131 2234 neque
144 2159 308 2216 vindictam
321 2179 419 2215 sumas
432 2160 469 2215 de
482 2160 608 2234 peccatis
622 2159 745 2217 nostris:
762 2178 859 2235 parce,
877 2159 1022 2233 Domine,
1034 2162 1166 2239 parcefa

37 2244 99 2310 tuo,
115 2260 203 2314 quma
217 2239 368 2296 redemisti
381 2242 509 2314 pretioso
522 2240 665 2315 sanguine
678 2246 740 2311 tuo,
750 2258 788 2297 no
801 2239 834 2296 in
848 2244 1003 2299 aeternum
1017 2243 1158 2302 irascaris

99 2320 140 2376 Ee
154 2341 220 2377 eum
234 2321 389 2377 iatrcereril
402 2322 523 2377 doarium
536 2321 637 2377 dieat:

99 2400 164 2458 Pax
174 2400 243 2457 huic
253 2401 355 2457 domui
369 2406 399 2457 et
412 2400 549 2458 omnibus
558 2400 763 2457 habitantibus
775 2400 807 2457 in
821 2418 876 2458 ea:
896 2419 961 2477 pax
971 2402 1166 2481 ingredientil

40 2481 263 2557 egredientibus.

100 2558 158 2617 *Et
171 2562 322 2619 sciendum
335 2570 375 2619 est
392 2562 510 2645 peccalo
524 2561 662 2636 infirmas
675 2561 751 2619 debet
763 2560 880 2636 incepi,
895 2563 1052 2635 offerenda
1067 2576 1111 2626 est
1124 2568 1151 2627 ei

40 2642 171 2716 ambici
194 2652 219 2699 ee
243 2651 311 2699 (eale
335 2651 514 2717 corapectcne
537 2642 598 2717 aas
619 2642 794 2701 statuenda:
814 2650 850 2699 at
868 2644 1093 2720 redemptorem
1113 2670 1166 2708 aaa

38 2721 166 2795 imepiae
188 2723 320 2797 crncifixi
341 2724 449 2795 celeret,
464 2731 490 2780 et
507 2723 656 2797 passionis
677 2722 738 2798 pies
760 2742 850 2797 qaam
865 2742 925 2799 pro
942 2737 1146 2799 peccatoram

38 2802 188 2873 uariauit,
203 2805 375 2861 recordetur.

99 2883 212 2941 Deinde
225 2893 360 2959 usperput
374 2884 527 2958 indiarum
540 2903 620 2958 epac
634 2883 784 2956 ceadicta,
800 2892 827 2941 et
840 2884 942 2943 statim
957 2899 1135 2963 sequatur:

100 2964 197 3039 Kyrie
211 2964 336 3040 eleyson.
380 2964 498 3021 Christe
511 2963 635 3040 eleyson.
679 2964 776 3040 Kyrie
789 2963 917 3041 eleyson.

106 3044 181 3102 Vera.
225 3046 266 3103 Et
280 3064 388 3102 nenos.

99 3125 183 3200 Iiesp.
227 3127 284 3183 Sed
299 3126 399 3182 libera.

106 3206 179 3264 Vera
228 3207 349 3264 Salvum
363 3206 409 3263 fac
423 3225 540 3263 servum
554 3212 643 3262 tuum
656 3205 700 3263 cel
712 3204 848 3263 ancillam
862 3216 955 3264 tuam.

99 3286 183 3362 Reap.
227 3289 309 3344 Deus
323 3306 405 3344 meus
419 3292 585 3362 sperantem
599 3287 630 3342 iu
644 3292 683 3343 te.

105 3366 180 3426 Vera.
228 3368 320 3424 Mitte
335 3369 370 3438 ei,
386 3367 522 3438 Domine,
535 3366 682 3423 arixilium
696 3367 732 3425 de
746 3371 853 3424 sancto.

100 3447 184 3522 maj).
228 3449 269 3505 Ilt
282 3449 319 3504 de
334 3447 405 3504 Sion
419 3452 503 3504 tuere
516 3466 591 3504 cum.

106 3528 179 3584 Vera.
227 3528 314 3584 Nihil
327 3528 463 3603 proficiat
476 3527 615 3584 inimicus
629 3528 660 3584 in
675 3546 716 3585 eo.

101 3609 185 3683 Resp.
230 3609 270 3665 Et
283 3609 362 3665 filius
375 3609 543 3684 iniquitatis
556 3628 615 3664 non
631 3613 761 3683 apponat
773 3625 877 3664 nocere
891 3606 928 3665 ei.

106 3689 178 3746 Vera.
227 3689 300 3745 Esto
315 3689 351 3759 ei,
366 3689 503 3759 Domine,
519 3689 611 3745 turris
624 3688 817 3745 fortitudinis.

101 3770 185 3844 Hesp.
229 3770 261 3826 A
274 3769 347 3826 faeie
361 3769 483 3826 inimici.

106 3849 179 3908 Vere.
227 3850 364 3920 Domine,
378 3850 494 3907 exaudi.

99 3930 182 4006 Ia'esp.
226 3930 267 3987 Et
281 3930 396 3987 elamor.

100 4011 246 4068 Dominus
260 4011 420 4068 vobiscum.

101 4092 234 4149 Oremus.
279 4091 389 4149 Oratio.

99 4171 190 4243 Deus,
209 4172 262 4247 qui
285 4173 406 4230 beatum
430 4171 555 4229 Petrum
577 4169 758 4247 Apostolum
781 4175 870 4227 tuum
890 4169 1004 4229 misisti
1028 4174 1074 4234 ud
1098 4176 1166 4237 Tha·

37 4251 180 4309 amulam
203 4257 296 4323 tuam,
318 4257 354 4309 ut
379 4253 443 4328 ejus
465 4252 602 4328 precibus
629 4251 824 4308 suscitaretur
846 4249 886 4308 ad
909 4252 1031 4313 vitam:
1052 4258 1166 4317 exandi

398 4394 415 4425 ὅ*
436 4395 499 4451 The
513 4395 579 4453 MS.
595 4393 683 4452 omits
698 4392 760 4450 this
773 4391 882 4449 rubrio.
