2850 4800
166 305 206 368 36
492 299 580 368 Ordo
602 299 649 364 ad
664 298 830 384 sadenda
851 298 1043 385 Sponsabia.

164 490 226 540 tam
239 483 272 539 in
286 482 420 540 secundis
433 481 547 558 nrrptiis
560 501 649 556 quam
669 480 705 537 in
718 480 838 556 primis,
853 479 1014 538 secundum
1027 478 1194 538 Romanam
1207 480 1369 540 Ecclesiam

162 588 189 638 et
202 579 361 637 secuudum
375 578 510 637 Doctores
523 578 706 637 Hostiensem
719 586 745 636 et
760 577 907 636 Tbomam.
1322 648 1327 658 Ι

223 678 398 736 Notandum
416 677 495 752 quod
511 677 559 734 uir
570 677 615 734 nel
631 676 738 735 mulier
751 677 792 734 ad
805 675 964 751 bipamiam
978 673 1023 733 uei
1039 674 1081 734 ad
1092 676 1235 734 sectmdas
1247 676 1372 753 nuptc'as

162 774 307 832 transiens
320 793 381 832 non
394 772 473 831 debet
486 772 593 831 iterum
606 793 626 830 a
634 771 791 848 presbitero
806 771 933 830 benedici
951 769 1073 848 (Ecetra,
1088 771 1185 830 eodem
1199 771 1293 845 titulo,
1309 771 1371 830 Vir

161 870 283 949 autem).
329 870 492 928 Hostiensis
511 870 584 927 dicit
608 870 688 944 quod
707 889 840 945 personae
863 869 1001 928 nubentes
1024 888 1086 927 non
1105 869 1316 928 benedicamur
1335 871 1371 929 in

109 949 114 956 ⁵
160 968 295 1026 secundis
307 967 439 1042 nuptiis,·
463 965 548 1041 cujus
562 967 641 1024 ratio
659 975 700 1024 est
721 966 794 1040 quia
808 985 864 1041 per
882 985 999 1024 carnem
1011 965 1090 1024 alias
1105 966 1282 1024 bertedictam
1302 986 1371 1026 caro

159 1082 221 1122 non
248 1062 402 1137 benedicta,
424 1082 491 1120 cum
518 1081 578 1137 qua
597 1060 749 1136 junpitur,
772 1060 956 1119 benedicitur.
1002 1059 1043 1118 In
1063 1060 1265 1120 commeatione
1292 1063 1372 1122 enim

160 1180 323 1237 mrporum
331 1180 388 1236 per
410 1180 501 1235 quam
525 1158 690 1234 efficiuntur
712 1177 776 1215 una
799 1177 866 1216 caro
889 1158 936 1215 cir
955 1166 982 1214 et
1004 1156 1121 1228 mulier,
1133 1177 1201 1216 caro
1223 1158 1371 1218 benedicto

160 1258 252 1316 trabit
272 1260 313 1316 ad
332 1278 361 1318 se
382 1277 498 1316 carnem
517 1277 578 1314 non
591 1256 767 1315 benedictam
777 1277 789 1326 ;
811 1255 885 1314 siced
906 1255 1000 1313 oleum
1020 1263 1154 1314 sanctum
1174 1256 1267 1314 trabit
1286 1258 1328 1315 ad
1340 1277 1371 1317 se

159 1354 254 1413 oleum
268 1355 434 1412 admiratum
447 1373 508 1411 non
521 1361 664 1424 sanctum,
679 1353 760 1411 etsie
775 1360 866 1411 totum
879 1356 919 1427 fit
933 1361 1074 1412 sanctum.
1118 1351 1191 1410 Hac
1203 1352 1371 1412 Hostiensis

158 1451 194 1511 in
211 1451 292 1532 piosa
309 1470 396 1526 super
416 1449 587 1526 capitulum,
602 1449 663 1506 Vir
682 1454 791 1506 autem.
844 1448 905 1506 Hic
924 1447 1041 1506 uidetur
1060 1446 1226 1506 Hostiensis
1245 1448 1370 1509 innuere

159 1548 239 1624 quod
254 1548 345 1605 natta
357 1547 488 1606 secunda
508 1546 621 1622 nuptiae
641 1546 701 1603 sint
721 1545 924 1604 benedicenda.
968 1544 1065 1621 Cujus
1088 1546 1271 1604 contrarium
1294 1546 1370 1605 dicit

160 1644 302 1713 Pioniae·
323 1645 373 1702 sed
392 1644 461 1701 buic
481 1644 612 1718 antiquos
626 1642 835 1700 concertationi
845 1645 940 1717 finem
950 1641 1036 1717 ponit
1050 1642 1186 1716 quosdam
1200 1642 1369 1702 constitutio

158 1761 224 1817 qua
237 1742 365 1798 creditur
369 1739 469 1815 fuisse
482 1739 510 1795 J
507 1739 634 1798 obannis
646 1740 717 1797 unii.
728 1761 741 1809 ,·
761 1739 814 1797 ubi
827 1739 907 1820 dicit,
923 1739 1002 1814 quod
1019 1739 1046 1796 si
1053 1738 1165 1812 forsan
1178 1738 1253 1797 alter
1268 1757 1368 1798 eorum

157 1837 203 1897 vei
215 1838 298 1894 ambo
314 1837 356 1894 ad
370 1839 511 1896 secundas
523 1837 646 1912 nuptias
660 1845 840 1895 transeuntes
854 1836 888 1894 in
895 1835 1006 1912 primis
1019 1834 1158 1893 benedicti
1169 1834 1366 1910 nonfieerint,

158 1932 262 1990 danda
282 1942 322 1990 est
342 1932 496 1991 benedictio
514 1933 549 1990 in
562 1933 703 1990 secundis.
748 1933 834 2004 Quod
846 1932 887 1990 sic
900 1931 1046 2007 intellipe:
1066 1930 1102 1991 Si
1120 1931 1250 1990 maritus
1269 1931 1368 1990 υίᾶαω

158 2037 288 2102 mortuae,
310 2031 364 2104 qui
382 2050 443 2088 non
454 2028 523 2104 fuit
544 2028 707 2088 benedictus
726 2029 762 2087 in
782 2029 916 2088 secundis
934 2029 1050 2104 nuptiis
1070 2028 1154 2086 iltius
1172 2028 1280 2100 uidua,
1302 2048 1367 2089 eon·

159 2125 281 2185 traconit
304 2146 371 2185 cum
391 2127 492 2185 edicta
514 2126 606 2184 vidua
625 2138 690 2200 quoe
715 2125 858 2200 nonfuit
880 2124 1027 2184 benedicta
1043 2125 1078 2184 in
1098 2124 1232 2184 emundis
1250 2124 1368 2203 nrrptiis

157 2224 261 2281 mariti
281 2225 337 2296 sui,
360 2225 459 2282 debent
483 2223 596 2297 nuptia
616 2241 716 2280 eorum
740 2222 872 2280 secandae
896 2221 1032 2294 benedici,
1060 2221 1131 2297 quia
1154 2229 1256 2279 neuter
1274 2221 1367 2297 prius

148 2318 255 2394 fuerat
275 2322 310 2379 in
330 2321 444 2397 nuptiis
464 2320 634 2379 benedictus.
692 2316 891 2377 Consimiliter
907 2318 935 2376 si
957 2317 1014 2390 ille,
1037 2318 1091 2392 qui
1108 2317 1199 2394 prius
1220 2318 1367 2378 cosroen
1391 2324 1396 2333 '

157 2436 224 2475 cum
243 2419 336 2476 vidua
357 2427 383 2476 et
400 2437 461 2475 non
470 2416 570 2492 suerit
582 2417 617 2474 in
629 2415 765 2474 secundis
783 2402 899 2491 nuptiis
912 2413 974 2491 ejus
995 2414 1165 2488 benedictus,
1182 2424 1367 2476 contraxerat

156 2533 224 2571 cum
242 2514 355 2589 cirpine
376 2533 454 2572 seue
470 2521 581 2586 contra,
596 2512 792 2572 benedicenda
810 2521 880 2570 sunt
896 2512 1008 2587 nuptia
1021 2531 1127 2571 eonon.
1169 2511 1220 2571 Sic
1237 2513 1367 2591 inteltiqo

156 2609 242 2667 ittam
265 2610 498 2668 constitutionem
523 2629 588 2684 quoe
607 2609 649 2667 sic
670 2609 776 2684 incipit
804 2607 1027 2666 concertationi
1049 2608 1189 2686 antiquae.
1231 2608 1309 2669 Item
1329 2611 1366 2669 dc

148 2705 221 2782 jure
244 2707 366 2780 antiquo
390 2707 557 2781 capellanus
581 2705 744 2764 benedicens
766 2705 908 2764 secundas
928 2705 1051 2781 nuptias
1069 2725 1226 2782 mcpensus
1245 2715 1309 2765 erat
1328 2707 1365 2767 ab

157 2800 247 2875 officio
261 2810 287 2858 et
307 2802 445 2876 beneficio,
461 2810 487 2859 et
499 2801 659 2858 mittendae
672 2810 735 2859 erat
747 2802 789 2859 ad
801 2802 895 2860 sedem
912 2800 1100 2876 apostolicam
1112 2786 1365 2877 proabsolutione

157 2895 324 2967 obtinendo,
344 2904 378 2952 ut
399 2896 502 2968 Ecetra,
519 2898 615 2956 eodem
633 2898 726 2971 titulo,
743 2898 873 2975 capituto
888 2898 996 2974 primo.
1039 2896 1097 2956 Sed
1113 2898 1167 2957 iste
1183 2898 1266 2973 riqor
1277 2898 1363 2959 bodie

157 2999 342 3067 temperatur,
356 2991 400 3048 ita
419 2992 498 3066 quod
512 2992 666 3067 presbiteri
684 2994 738 3069 qui
755 2994 898 3052 secundas
914 2994 1036 3070 nuptias
1054 2994 1363 3066 manummerias

155 3089 284 3159 scmmer,
305 3109 339 3146 eac
358 3088 410 3146 boc
430 3089 471 3146 ad
489 3091 585 3148 sedens
604 3091 791 3166 apostoticam
811 3092 908 3150 venire
927 3091 1049 3150 minime
1070 3100 1244 3151 teneantrn:
1271 3092 1324 3151 sed
1341 3112 1363 3151 a

151 3205 243 3263 poena
259 3185 455 3261 suspensionis
467 3186 502 3243 in
515 3185 567 3245 boc
580 3207 650 3245 casu
663 3207 683 3245 a
693 3188 764 3264 jure
777 3188 891 3246 indicta
903 3207 960 3263 per
972 3206 1039 3246 sum
1052 3197 1178 3264 possunt
1195 3189 1363 3249 diocesanos

155 3281 272 3340 absolvi.
315 3281 386 3338 Hac
394 3282 539 3356 praedicta
546 3293 651 3359 patent
664 3284 699 3342 in
711 3285 771 3343 ista
784 3284 986 3342 corcstitutione
999 3285 1147 3359 sequenti:

218 3378 441 3436 Ooncertationi
453 3380 584 3457 antiquae
594 3381 684 3439 finem
693 3381 845 3458 imponere
855 3382 1018 3458 cupientes,
1028 3380 1168 3458 praesenti
1178 3381 1365 3451 declaramus

155 3476 261 3546 edicto,
277 3475 356 3550 quod
375 3474 446 3532 licet
458 3476 506 3533 vir
519 3477 569 3535 vel
582 3477 690 3535 mulier
709 3478 748 3535 ad
768 3477 928 3554 bigamiam
948 3478 997 3535 vel
1017 3478 1056 3535 ad
1076 3478 1220 3537 secundas
1234 3475 1363 3557 'nuptias

155 3571 339 3642 transierint,
354 3569 487 3628 benedici
507 3590 569 3655 non
589 3573 723 3646 debeant,
742 3593 810 3632 eum
830 3574 944 3631 fuerint
963 3573 1037 3631 alias
1056 3574 1214 3633 benedicti
1257 3575 1318 3634 Sed
1334 3575 1361 3635 si

153 3669 280 3727 forsitan
293 3668 369 3725 alter
382 3687 484 3724 eorum
497 3669 546 3726 vel
559 3670 646 3727 ambo
660 3676 758 3728 essent
771 3670 810 3727 ad
827 3670 969 3727 secundas
982 3670 1104 3746 nuptias
1117 3676 1315 3744 transeuntes,
1329 3679 1361 3732 et

152 3767 187 3824 in
200 3765 304 3843 primis
318 3766 432 3841 nuptiis
445 3765 594 3824 benedicti
608 3787 670 3824 non
689 3767 812 3840 fuerint,
827 3767 925 3824 danda
938 3771 983 3824 est
996 3765 1163 3825 benedictio
1176 3767 1210 3825 in
1222 3768 1360 3827 mundis

152 3863 276 3940 nuptiis.
319 3862 396 3920 Sane
410 3863 545 3922 volentes
561 3865 720 3941 antiquum
735 3863 863 3939 rigorem
877 3870 1053 3939 temperare,
1068 3863 1265 3938 concedimus,
1278 3864 1360 3942 quod

152 3960 309 4038 presbiteri
327 3961 379 4036 qui
399 3962 542 4019 secundas
561 3962 683 4037 nuptias
702 3959 910 4018 benedixerint
930 3959 1066 4032 scienter,
1080 3960 1231 4019 adsedem
1244 3967 1360 4039 sposto-

152 4057 240 4116 licam
260 4078 299 4116 ex
318 4057 374 4115 hoe
393 4059 531 4116 accedere
551 4057 675 4116 minime
696 4063 865 4129 teneantur,
879 4057 931 4114 sed
945 4078 963 4116 a
975 4079 1062 4136 paena
1083 4060 1287 4137 suspensionis
1301 4059 1358 4119 hoc

152 4171 222 4211 casu
235 4175 253 4211 a
262 4157 331 4230 juro
340 4155 454 4212 indicta
464 4175 517 4230 per
526 4174 593 4212 snos
603 4160 728 4231 possunt
738 4155 906 4212 diocesanos
914 4155 1034 4215 absolvi.
1078 4156 1175 4233 siqui
1183 4175 1256 4215 vero
1265 4156 1357 4233 juxte

151 4251 322 4325 opinionem
336 4252 521 4326 quorundam
535 4270 565 4309 se
578 4270 639 4309 non
652 4255 825 4327 reputantes
841 4268 1005 4326 suspensos,
1016 4252 1134 4310 ordines
1143 4251 1295 4334 quoslibet
1303 4270 1355 4311 sen

154 4349 263 4419 quasvis
284 4348 426 4406 beneficia
446 4348 620 4426 receperint,
637 4347 786 4406 diocesani
807 4365 910 4406 eorum
927 4368 945 4405 a
963 4367 1048 4426 paena
1067 4348 1268 4426 suspensionis
1286 4366 1356 4426 prse-
