2866 4846
381 385 469 455 Ordo
491 385 539 452 ed
554 384 720 473 faciende
739 386 934 473 sponsatis.

126 711 251 769 Ore-do
290 712 324 768 in
368 730 492 768 u-num
518 711 654 769 Deum.

113 837 237 897 Patrem
250 837 496 915 omnipotentem,
510 839 654 897 faetorem
667 838 733 896 caeli
747 844 778 896 et
791 845 888 911 terroe,
903 838 1069 898 visibilium
1086 841 1222 900 omnium
1236 849 1268 903 et
1383 887 1386 892 -

50 936 262 996 invisibilium
314 936 356 994 Et
379 937 413 994 in
440 954 534 994 unum
560 936 725 994 Dominum
748 935 772 994 J
773 954 856 993 esum
880 934 1044 1008 Christum,
1069 937 1184 996 Filium
1208 940 1268 998 Dei

52 1033 254 1110 unigenitum,
277 1033 319 1090 Et
340 1053 379 1091 ex
401 1032 493 1091 Patre
513 1037 620 1090 netum
641 1037 711 1090 ante
733 1032 834 1090 omniu
855 1033 979 1099 saecule:
1009 1034 1109 1094 Deum
1130 1037 1168 1095 de
1190 1038 1266 1112 Deo,

53 1131 173 1188 Lumen
192 1131 228 1188 de
249 1131 386 1203 Lumine,
402 1130 502 1188 Deum
522 1150 628 1190 verum
649 1129 687 1188 de
711 1130 776 1188 Deo
798 1150 878 1203 vero,
893 1132 1039 1192 Genitum
1060 1153 1122 1192 non
1144 1135 1267 1210 factum,

53 1227 340 1287 consubstantialem
360 1226 457 1301 Patri,
470 1247 524 1304 per
548 1246 638 1305 quem
659 1226 760 1285 omnia
782 1226 960 1287 factasunt.
1005 1229 1065 1300 Qui
1078 1237 1200 1308 propter
1213 1252 1269 1292 nos

53 1326 192 1385 homines
212 1330 243 1383 et
256 1330 378 1402 propter
396 1328 530 1382 nostram
543 1323 672 1382 salutem
685 1322 838 1381 descendit
856 1323 893 1381 de
909 1324 997 1384 caelis.
1039 1326 1081 1383 Et
1094 1327 1268 1388 incarnatus

53 1429 101 1483 est
114 1423 151 1481 de
165 1422 282 1499 Spiritu
301 1422 411 1481 Sancto
426 1441 465 1480 ex
478 1420 579 1478 Maria
592 1419 718 1498 virgine,
735 1420 777 1477 Et
790 1419 878 1478 homo
891 1420 989 1481 fectus
1001 1429 1055 1482 est.
1099 1423 1269 1484 Crucifixus

54 1521 148 1580 etiam
161 1540 216 1605 pro
229 1516 316 1580 nobis
329 1521 385 1579 sub
399 1520 511 1578 Pontio
524 1519 635 1593 Pilato,
654 1537 736 1576 ussus
755 1523 786 1576 et
801 1499 939 1595 'sepultus
952 1526 1005 1578 est.
1047 1521 1089 1579 Et
1102 1524 1268 1581 resurrexit

53 1619 147 1678 tertie
160 1619 209 1676 die
222 1619 385 1689 secundum
399 1617 570 1694 scripturas,
586 1617 628 1674 Et
641 1615 774 1674 ascendit
788 1615 821 1672 in
835 1617 950 1692 oaelum,
964 1619 1047 1677 sedet
1060 1620 1099 1678 ad
1113 1620 1268 1680 dexteram

55 1717 166 1791 Patris,
181 1717 223 1775 Et
243 1717 355 1775 iterum
374 1721 522 1773 venturus
542 1719 589 1773 est
607 1733 675 1772 eum
694 1714 790 1791 glorie
806 1713 943 1790 judicare
964 1716 1050 1774 vivos
1072 1722 1103 1775 et
1123 1724 1266 1793 mortuos,

55 1814 241 1892 cujusregni
257 1813 392 1871 nouerit
406 1813 484 1871 finis.
527 1813 570 1869 Et
582 1812 615 1869 in
629 1812 777 1889 Spiritum
798 1811 950 1888 Sanctum,
966 1815 1132 1874 Dominum
1146 1822 1178 1875 et
1190 1818 1267 1876 vivi-

54 1912 203 1985 ficantem,
219 1912 280 1982 Qui
294 1931 332 1968 ex
346 1910 437 1968 Patre
458 1909 596 1986 Filioque
615 1910 758 1986 procedit,
775 1909 917 1980 Quicum
934 1910 1027 1970 Patre
1041 1918 1071 1970 et
1086 1913 1165 1972 Filio
1178 1914 1268 1972 simul

56 2011 199 2068 adoratur
220 2015 251 2069 et
273 2008 520 2085 conglorificatur,
543 2007 597 2083 qui
617 2007 735 2065 loeutus
757 2012 803 2065 est
825 2028 878 2086 per
900 2009 1068 2086 prophetes.
1112 2011 1155 2069 Et
1176 2032 1268 2071 unam

55 2098 189 2166 sanctem
228 2107 414 2165 Catholicam
448 2111 480 2163 et
513 2105 720 2181 Apostolieam
761 2104 931 2185 Ecclesiam.
989 2105 1140 2165 Oonfiteor
1173 2128 1268 2166 unum

54 2205 205 2281 baptisrna
218 2203 470 2261 inremissionem
482 2207 680 2278 peccatorum.
720 2200 763 2258 Et
779 2207 918 2279 exspecto
932 2204 1179 2263 resurrectionem
1193 2225 1269 2264 mor-

55 2307 188 2373 tuorum,
204 2300 247 2357 Et
260 2301 356 2356 vitam
369 2298 492 2356 venturi
505 2297 614 2354 saeculi.
655 2295 763 2354 Amen.

121 2397 317 2471 offertorium.
982 2462 985 2469 ἢ

120 2491 303 2550 Benedictus
320 2490 360 2548 sit
374 2489 457 2548 Deus
475 2489 574 2563 Pater,
585 2489 819 2567 unigenitusque
832 2489 892 2549 Dei
905 2489 1000 2565 Filiis,
1012 2490 1139 2551 Sanctus
1153 2511 1272 2571 quoque

58 2590 198 2668 Spiritus,
215 2589 286 2666 quie
299 2588 370 2647 fecit
383 2587 539 2646 nobiscum
552 2585 786 2646 misericordiam
800 2607 892 2646 suam.

120 2687 244 2747 Secreto.

119 2779 287 2853 Sanctifica,
309 2797 485 2856 quaesumus,
508 2776 637 2835 Domine
658 2777 741 2836 Deus
761 2783 871 2852 noster,
884 2797 939 2854 per
958 2778 1006 2835 tui
1025 2779 1121 2838 sancti
1140 2781 1271 2842 nominis

56 2877 285 2950 invocationem,
302 2882 333 2933 et
346 2895 399 2952 per
413 2874 576 2952 Unigeniti
589 2874 635 2933 tui
649 2875 804 2948 virtutem,
820 2874 911 2952 hujus
924 2875 1084 2934 oblationis
1098 2877 1226 2938 hostiam
1239 2887 1271 2940 et

56 2981 232 3052 cooperante
263 2973 379 3058 Spiritu
412 2972 529 3044 Sancto,
552 2991 691 3049 peream
717 2971 914 3049 nosmetipsos
942 2973 1001 3030 tibi
1026 2975 1132 3051 perfice
1159 2996 1270 3038 munus

60 3077 213 3130 oeternum.

119 3168 192 3226 Alie
205 3166 320 3227 Secreto
333 3167 386 3226 rub
399 3187 463 3225 unc
477 3165 678 3227 conclamem..

120 3263 251 3341 Suscipe,
265 3282 443 3339 quaesumus,
455 3262 592 3335 Domine,
603 3282 658 3340 pro
672 3281 754 3321 sacra
767 3262 910 3320 connubii
922 3263 987 3341 lege
999 3283 1109 3324 munus
1123 3267 1268 3342 oblatum,

60 3365 91 3419 et
101 3361 185 3436 eujus
195 3360 320 3436 largitor
330 3379 361 3417 es
371 3359 476 3436 operis,
487 3366 550 3418 estc
561 3360 728 3436 dispositor.
765 3359 824 3417 Per
834 3360 1000 3417 Dominum
1007 3367 1152 3436 nostrum,
1164 3363 1188 3422 J
1187 3385 1271 3423 esum

62 3455 226 3528 Christum,
241 3455 355 3512 Filium
374 3461 471 3530 tuum,
487 3455 540 3532 qui
560 3461 660 3514 tecum
676 3455 755 3515 vivit
776 3461 809 3514 et
829 3463 934 3535 regnat
955 3458 990 3516 in
1005 3459 1123 3518 unitate
1140 3460 1272 3538 Spiritus

63 3552 166 3611 Sancti
180 3553 271 3612 Deus.

78 4154 214 4212 Sursum
227 4155 341 4213 cor-da.
385 4154 568 4214 Gra-ti·ss
602 4155 954 4234 a·ge·musDo·mi-no
996 4153 1092 4213 De-o
1122 4140 1251 4217 nos-iro.

64 4322 1274 4406 Q

86 4457 152 4515 Ve·
161 4475 194 4515 re
207 4456 342 4535 dig-num
355 4463 387 4516 et
396 4458 525 4534 jus-tum
546 4463 601 4529 est,
628 4477 758 4534 tequum
771 4464 802 4517 et
828 4457 919 4518 sa-lu
933 4491 945 4503 ·
959 4463 992 4517 te
1001 4489 1012 4503 ·
1021 4477 1063 4530 re,
1077 4478 1132 4518 nos
1154 4461 1180 4519 ti
1191 4462 1241 4520 -bi
