2866 4846
146 270 228 339 174·
362 260 506 331 orares
528 257 885 327 ratusratus
898 264 929 327 a
943 258 1166 347 sauata.

207 430 350 507 Sequitur
362 428 488 487 Litaaia
500 435 527 486 et
536 445 656 504 preces:

211 513 304 571 Pater
316 516 424 568 noster.

209 591 333 651 Salvum
345 591 392 648 fac
405 607 524 646 servum
536 591 633 645 tuum.

210 671 358 730 Dominus
372 674 526 727 conservet
539 686 615 725 eum.

211 752 361 811 Dominus
375 768 461 826 opem
474 747 551 805 ierat
563 746 618 804 illi.

210 832 359 890 Dominus
372 828 521 887 custodiat
533 832 565 885 te
577 827 615 884 ab
628 823 712 883 omni
724 824 810 884 malo.

211 912 361 971 Dominus
375 908 530 967 cristodiat.

212 992 339 1068 Angelis
352 990 413 1047 suis
427 988 555 1046 mandet.

213 1073 328 1131 Perfice
340 1088 456 1147 gressus
469 1068 551 1125 illius
564 1066 598 1124 in
611 1065 726 1125 semitis
740 1065 809 1125 tuis.

211 1152 349 1224 Domine,
363 1155 465 1207 averte
484 1147 590 1205 faciem
612 1153 697 1204 tuam
715 1165 735 1204 e
755 1144 884 1223 peccatis
902 1144 996 1219 illius,
1011 1150 1047 1205 et
1067 1164 1185 1207 omnes
1204 1146 1372 1227 iniquitates

156 1236 222 1292 e'us
235 1231 307 1290 dele.

170 1257 182 1311 J
212 1313 286 1370 Esto
301 1311 337 1382 ei,
353 1308 492 1379 Domine,
503 1307 597 1365 turris
609 1305 806 1365 fortitudinis.

212 1392 402 1459 Convertere,
417 1388 555 1458 Domine,
570 1386 738 1463 aliquando.

213 1470 302 1530 Nihil
316 1469 450 1546 proficiat
462 1468 600 1525 inimicus
613 1468 646 1523 in
661 1486 737 1525 eum.

214 1552 307 1610 Mitto
321 1551 357 1622 ei,
375 1548 512 1621 Domine,
528 1546 684 1605 auxilium.

215 1631 344 1690 Domine
357 1628 475 1687 exaudi.

215 1713 359 1770 Miserere
371 1710 431 1766 mei
444 1709 527 1765 Deus
542 1705 589 1786 (i)

214 1792 353 1867 Sequitur
367 1788 477 1848 Oratio.

215 1873 412 1948 Omnipotens
432 1870 524 1938 Deus,
538 1866 592 1944 qui
604 1866 637 1925 in
651 1865 772 1925 nomine
790 1863 941 1943 unigeniti
952 1865 1001 1925 sui
1012 1866 1101 1927 misit
1119 1868 1275 1949 Spiritum
1287 1870 1365 1931 Sme-

154 1961 221 2013 tum
248 1950 410 2011 secundum
430 1948 655 2025 promissionem
678 1966 763 2006 suam
785 1946 937 2023 discipulis
963 1947 1033 2021 suis,
1062 1948 1209 2009 effundat
1234 1970 1319 2029 super
1337 1956 1365 2009 te

154 2034 293 2111 spiritum
307 2030 490 2088 Paraclitum
503 2028 705 2104 septiformem
719 2027 755 2086 de
768 2026 866 2099 caelis3
886 2027 1059 2107 repleatque
1074 2035 1107 2088 te
1128 2031 1246 2109 spiritu
1258 2032 1367 2091 timoris

154 2115 209 2187 sui,
232 2113 341 2189 spiritu
369 2110 498 2168 scientiae
518 2115 549 2166 et
568 2107 698 2185 pietatis,
719 2107 827 2184 spiritu
845 2107 962 2166 consilii
989 2114 1022 2166 et
1039 2108 1248 2187 fortitudinis,
1267 2112 1368 2191 spiritu

155 2193 309 2271 sapientire
332 2198 363 2248 et
386 2190 563 2261 intellectus,
587 2188 641 2264 qui
664 2194 812 2264 excoquat
837 2206 956 2246 omnem
978 2188 1155 2267 rubiginem
1182 2200 1368 2271 poeoniorum

155 2281 285 2344 tuorum,
300 2278 336 2329 ut
358 2271 449 2327 nullis
466 2271 531 2345 jam
551 2269 709 2344 praeteritae
730 2267 901 2344 iniquitatis
920 2267 970 2326 vel
981 2268 1161 2347 fragilitatis
1181 2272 1370 2333 confundaris

157 2354 327 2425 erroribus,
347 2352 397 2409 sed
415 2351 537 2407 inducat
557 2349 590 2405 in
603 2368 730 2421 omnem,
745 2350 823 2406 sicut
841 2348 921 2406 idem
940 2350 1079 2425 promisit
1099 2350 1203 2413 Filius
1215 2354 1370 2413 anatem

156 2434 308 2494 scientiae:
328 2431 533 2506 custodiatque
553 2434 615 2487 tea
635 2430 729 2487 totius
748 2428 897 2506 pravitate
916 2428 1059 2507 nequities
1073 2436 1106 2489 et
1125 2434 1292 2495 mundante
1304 2454 1369 2493 con·

157 2513 333 2574 versationis
347 2532 399 2570 seu
412 2510 538 2569 carnalis
550 2509 748 2570 immunditiae
762 2509 935 2587 contagione
948 2528 983 2567 ac
996 2510 1108 2571 mentis
1119 2512 1253 2591 immo
1264 2514 1371 2575 affectu

158 2602 189 2655 et
202 2595 336 2654 omnium
356 2592 545 2649 inimicorum
558 2590 722 2648 visibilium
739 2596 771 2647 et
783 2588 980 2648 invisibilium
999 2590 1114 2651 scilicet
1125 2592 1372 2655 mutationibus

157 2676 206 2735 vel
220 2677 351 2744 incursu,
366 2673 566 2749 perducatque
579 2676 610 2729 te
623 2671 662 2728 ad
682 2671 808 2748 gratiam
822 2676 854 2729 et
865 2670 991 2747 gloriam
1004 2672 1092 2749 regni
1109 2672 1161 2733 sni
1173 2676 1264 2753 οιῄιιι
1276 2676 1371 2737 virtus

159 2764 190 2815 et
204 2756 363 2832 imperium
376 2752 529 2831 pormanet
541 2751 576 2808 in
588 2750 695 2809 saecula
708 2750 889 2810 saeculorum.
931 2751 1043 2811 Amen.

220 2836 293 2894 Atta
309 2835 420 2894 Oratio.

221 2917 417 2992 Omnipotens
430 2913 584 2971 mitissime
595 2911 686 2983 Deus,
697 2912 809 2989 respice
822 2911 968 2989 propitius
976 2930 1078 2989 preces
1089 2918 1223 2989 nostras,
1236 2922 1271 2977 at
1282 2916 1374 2977 libera

160 3018 210 3057 cor
223 2997 328 3054 famuli
337 2996 384 3053 tui
395 2994 436 3052 ut.
447 2994 484 3051 de
492 2994 637 3051 malarum
645 2992 839 3069 temptatione
847 2992 1070 3071 cogitationum,
1078 3000 1116 3053 ut
1125 2994 1235 3057 Sancti
1243 2996 1374 3077 §pinus

160 3079 284 3155 dignum
298 3077 363 3133 fieri
375 3075 578 3133 habitaculum
591 3072 769 3131 inveniatur.
812 3073 879 3131 Per.

221 3156 336 3214 Deinde
355 3156 466 3229 spargit
479 3174 589 3230 muana
610 3152 786 3214 benedictum
804 3172 893 3231 super·
910 3151 998 3215 utum
1009 3160 1038 3215 u
1049 3172 1139 3233 nutet·
1157 3156 1285 3219 demum
1303 3158 1373 3239 qius,

161 3236 259 3297 stirias
272 3236 348 3294 huuc
363 3234 528 3292 Orationem
541 3256 550 3292 :

222 3316 341 3374 Exauffi
363 3334 425 3387 nos,
455 3315 591 3386 Domine,
618 3319 719 3372 sancte
745 3314 847 3387 Pater,
874 3313 1062 3391 omnipotens
1087 3320 1201 3377 sumo
1227 3318 1324 3395 Deus,
1343 3324 1374 3379 et

163 3398 283 3456 mittere
296 3396 419 3472 dignare
437 3401 572 3453 sanetum
592 3394 743 3471 Angelum
763 3400 851 3452 tuum
869 3395 907 3453 de
926 3394 1005 3454 cselis
1045 3394 1080 3455 ui
1098 3398 1260 3473 custodiat,
1275 3398 1374 3459 foveat

161 3483 306 3556 protegat,
320 3477 423 3534 visitet
436 3483 468 3532 et
480 3475 620 3534 defendat
633 3494 734 3533 omnes
748 3474 1032 3535 habitantesinhoc
1083 3476 1229 3539 bitaeulo.
1271 3478 1342 3541 Per.

221 3558 362 3634 Sequitur
374 3556 519 3633 Epistola.
559 3556 710 3613 Tristatur
722 3554 831 3632 aliquis
843 3562 985 3617 vestrum.

223 3641 264 3780 ἐι
277 3638 480 3714 Euaupcliuut.
521 3637 561 3695 In
574 3636 627 3695 illo
640 3642 782 3712 tempore,
798 3635 933 3695 Intravit
944 3635 1035 3697 Jesus
1048 3634 1273 3715 capharnaum

252 3720 339 3778 ratio.

225 3801 422 3877 Omnipotens
431 3799 522 3871 Deus,
528 3797 580 3875 qui
587 3816 640 3875 per
648 3816 680 3856 os
687 3796 769 3855 beati
776 3796 903 3874 apostoli
911 3796 959 3855 tui
967 3796 1074 3857 Jaccbi
1080 3796 1162 3859 hunc
1168 3798 1375 3861 ministerium

163 3881 290 3939 infirmis
310 3881 481 3938 hominibus
500 3880 595 3936 faeere
615 3876 782 3954 praecepisti
792 3897 802 3951 3
825 3897 967 3937 conserva
985 3876 1098 3937 famulo
1117 3884 1174 3939 tuo
1192 3880 1238 3941 itt
1252 3886 1376 3941 sumum

163 3962 241 4019 dona
254 3962 411 4032 virtutum,
428 3966 459 4017 et
479 3959 603 4017 concede
622 3964 658 4016 ut
671 3958 817 4017 medelam
837 3963 922 4017 tuam
941 3977 1003 4017 non
1020 3958 1119 4017 selum
1131 3958 1166 4017 in
1186 3978 1314 4041 corpore
1325 3962 1376 4023 sed

164 4042 254 4100 etiam
269 4043 302 4098 in
317 4041 418 4099 anima
431 4040 548 4097 sentiat
591 4039 658 4097 Per.

224 4123 303 4180 Atta.
340 4121 469 4179 Domine
480 4120 570 4192 Deus,
583 4120 633 4196 qui
645 4138 699 4197 per
707 4119 909 4197 apostolorum
917 4124 1006 4179 tuum
1015 4118 1133 4179 locutus
1142 4138 1185 4196 ω,
1195 4120 1378 4183 hfirnntur

164 4201 231 4277 quis
244 4203 277 4259 in
291 4203 385 4272 robis,
400 4210 426 4259 et
440 4210 532 4259 cetera
544 4209 579 4257 ut
593 4221 693 4277 supra,
708 4220 736 4277 p.
753 4201 801 4259 46.

224 4281 304 4339 Alia.
326 4282 475 4420 4{nemus
500 4281 664 4340 Dominum
691 4287 828 4339 nostrum
851 4279 958 4341 Jesum
979 4278 1144 4359 Obristum,
1166 4288 1197 4343 u
1223 4290 1321 4345 ettam
1344 4290 1378 4343 ut

164 4380 264 4437 crura,
280 4381 307 4438 p.
366 4406 372 4421 .
