2866 4846
213 310 294 373 214*
495 306 583 373 Ordo
599 303 645 371 uu
659 303 929 393 Pum'fiouuclum
942 296 1135 375 Mulierem.
1379 39 1404 357 l

211 476 332 532 <luctam
345 492 436 547 usquo
450 473 491 530 acl
504 472 606 544 aluere,
617 469 669 530 uti
679 471 776 530 Missa
789 471 964 532 sollemniter
977 474 1056 533 debet
1071 472 1209 534 celebrari
1216 496 1230 547 ,‘
1244 482 1270 536 et
1282 470 1386 537 iueuult

212 556 291 613 dicut
306 575 373 611 cum
386 552 533 610 ministris
546 553 609 611 suis
621 552 672 610 Itos
685 552 819 610 Psuhuos
828 575 838 612 :

238 702 244 713 ι
273 635 355 692 Deus
368 635 544 691 misereatur
556 633 652 690 nostri
666 630 759 710 (lum).

272 714 360 772 Beati
373 733 474 771 omnes
487 715 541 790 qui
553 714 662 772 timent
676 711 841 771 Dominum
856 711 986 793 (exuuii)
1001 733 1069 776 oum
1083 712 1189 774 Gloria
1202 716 1295 777 Patri

272 795 314 851 Et
327 793 486 869 subjuuqut
497 815 507 855 :

272 875 370 950 Kyrie
384 875 509 949 eleyson.
553 870 670 932 Christe
684 870 810 948 eleyson.
854 870 952 950 Kyrie
965 874 1091 951 eleyson.

271 954 364 1012 Pater
376 961 483 1012 noster.
520 953 561 1012 Et
574 974 612 1012 ne
625 973 686 1012 nos.
729 954 788 1011 Sed
801 953 902 1013 libera.

271 1034 391 1092 Salvam
404 1035 450 1092 fao
463 1056 469 1093 :
492 1035 576 1092 Deus
588 1054 679 1094 meus·

269 1114 363 1171 Mitte
377 1114 425 1173 ei:
446 1115 488 1171 Et
501 1114 538 1172 de
552 1115 631 1172 Sion.

270 1194 344 1251 Esto
358 1194 405 1251 ei:
426 1193 459 1251 A
472 1195 554 1254 fecie.

270 1267 399 1332 Domine
412 1275 523 1331 exaudi
538 1294 545 1332 :
569 1273 612 1332 Et
625 1274 745 1333 clamor.

270 1354 418 1411 Dominus
431 1355 585 1412 vobiscum
599 1376 606 1415 :
628 1355 670 1412 Et
683 1374 750 1413 cum
763 1353 872 1431 spiritu
884 1358 945 1412 tuo.

269 1434 406 1492 Oremus.

269 1515 465 1590 Omnipotens
479 1514 658 1592 sempiterne
672 1514 763 1585 Deus,
778 1515 965 1591 majestatem
973 1518 1056 1573 tuem
1067 1516 1245 1594 suppliciter
1255 1536 1396 1591 exoremus,

209 1596 244 1651 ut
258 1595 334 1653 siout
347 1594 521 1670 unigenitus
542 1596 638 1653 Filius
651 1602 722 1653 tuus
736 1614 805 1654 cum
824 1601 933 1655 nostres
953 1596 1050 1653 earnis
1063 1598 1237 1657 substantia
1255 1600 1289 1658 in
1306 1598 1397 1677 templo

207 1681 253 1732 est
265 1681 469 1752 praesentatus,
484 1676 529 1734 ite.
542 1676 697 1734 mulierem
710 1676 799 1733 istam
813 1683 881 1752 post
891 1681 1011 1752 partum
1021 1678 1213 1752 purificatam
1226 1680 1284 1738 tibi
1293 1680 1397 1739 clemen·

208 1762 254 1812 ter
266 1760 362 1814 morte
375 1756 491 1814 devicta
504 1755 595 1814 facias
608 1757 788 1833 praesentari.
833 1755 892 1813 Per·
905 1755 1066 1815 Christum.

269 1837 353 1894 Tuus
361 1838 502 1912 procudat
515 1837 678 1913 Episcopus
692 1837 725 1895 iu
739 1836 843 1894 Misso.
882 1835 949 1907 Quo
962 1837 1043 1895 dioto
1062 1838 1214 1898 bemdicut
1230 1860 1338 1918 purum
1355 1839 1395 1899 lut

207 1917 312 1976 uzodo:
332 1917 512 1977 Benedicite.

267 1996 351 2073 Resp.
375 1997 532 2055 Dominus.

267 2076 405 2149 Benedic,
426 2078 564 2150 Domino,
581 2077 671 2135 istam
691 2082 857 2135 creaturam
877 2072 969 2153 penis,
984 2076 1062 2136 sicut
1080 2076 1266 2141 benedixisti
1286 2076 1397 2161 quinque

205 2175 295 2232 penos
314 2158 346 2213 in
364 2158 488 2229 deserto,
507 2164 543 2214 ut
560 2176 662 2215 omnes
682 2177 720 2215 ex
737 2176 772 2215 eo
789 2162 944 2234 gustantes
962 2164 1025 2216 tam
1043 2160 1175 2235 eorporis
1193 2181 1286 2238 quam
1309 2162 1395 2220 eninr

205 2237 349 2313 recipiant
376 2238 544 2296 sanitatem.
586 2238 625 2295 In
652 2239 772 2296 nomino
800 2238 900 2296 Patris
928 2244 958 2296 et
986 2237 1057 2296 Filii
1085 2245 1116 2296 et
1144 2240 1280 2317 Spiritus
1302 2240 1392 2302 &net

206 2318 314 2375 Amen.

265 2396 380 2456 Deinde
388 2399 546 2473 procedens
559 2397 602 2456 ud
623 2397 774 2459 mulierem
790 2399 838 2457 det
858 2398 917 2457 sibi
932 2418 1051 2476 punem,
1077 2404 1104 2459 et
1127 2400 1204 2461 datu
1223 2402 1395 2463 bundium

205 2496 269 2549 sua,
284 2479 418 2536 recedant
432 2499 529 2537 omues
542 2477 576 2536 iu
588 2499 669 2556 paee.
1058 2515 1062 2520 ·

264 2557 345 2617 Nota
366 2560 446 2633 quod
467 2559 603 2618 mulieres
623 2567 693 2636 post
709 2558 822 2636 prolem
841 2560 984 2633 emissum,
1000 2560 1241 2638 quandocunque
1255 2560 1398 2623 Exustam

203 2639 316 2697 intrare
337 2639 481 2697 volueriut
506 2649 617 2698 acturos
641 2641 758 2716 quatias
782 2640 943 2717 puu'stouu
965 2649 1101 2716 possunt,
1126 2648 1153 2700 et
1176 2644 1266 2703 nulla
1287 2642 1400 2722 proinde

198 2718 310 2795 peceati
332 2719 404 2778 mole
420 2729 608 2795 qruuuutur:
629 2740 680 2779 uec
697 2720 896 2780 Eooksiurum
914 2720 975 2779 illis
988 2720 1091 2780 aditus
1101 2731 1145 2780 ost
1158 2724 1355 2800 denepmrdue,
1370 2740 1401 2782 ru

198 2820 288 2874 paeuu
302 2800 362 2857 illis
376 2800 502 2859 conuerti
511 2801 647 2858 uideatur
660 2801 694 2859 iu
707 2801 833 2878 eulpam.
877 2800 913 2860 Si
924 2809 1021 2859 uuuu
1034 2821 1069 2860 eu·
1078 2805 1264 2865 veneratum
1271 2804 1401 2865 volueriut

202 2880 391 2955 aliquamdiu
405 2881 556 2954 abstinere,
571 2881 746 2942 <levaturum
759 2901 862 2943 eastum
875 2900 936 2941 uou
948 2881 1096 2942 eredimus
1108 2882 1344 2960 improbandum
