2866 4846
179 308 259 370 158·
481 296 913 368 Ordiaeeadl'ocieadam
925 292 1135 385 θροιωαῑὶα,

211 570 332 631 FROM
360 568 449 628 THE
475 562 761 625 PONTIFIOALS
788 562 842 622 OF
868 562 1170 623 AROHBISHOP
1201 564 1363 625 EGBERT

360 664 457 725 ΛΝΒ
478 663 532 723 ΟΕ
552 661 608 721 ST.
624 659 805 720 THOMAS
824 659 880 719 OF
899 660 1230 724 OANTERBURY.

570 778 625 837 An
645 794 772 838 sponsas
792 793 986 838 ammonio.

240 889 325 948 Deua
336 886 501 958 Abraham,
515 884 598 943 Deus
611 883 705 956 Isaac,
720 882 804 941 Deus
816 881 922 956 Jacob,
935 890 964 941 et
976 889 1074 941 cetera
1088 891 1129 943 aa
1140 902 1255 961 crepon,
1269 902 1297 962 p
1310 882 1365 946 20⁹.

240 968 380 1041 Benedic,
394 966 534 1037 Domine,
547 963 714 1022 thalamum
725 961 815 1035 hunc,
830 970 857 1021 et
869 970 961 1021 cetera
973 970 1012 1021 ut
1025 982 1139 1041 upra,
1155 982 1187 1041 p.
1206 964 1257 1023 39.

240 1048 403 1108 Benedicat
422 1064 476 1104 vos
496 1043 644 1103 Dominus
665 1042 768 1116 Daua;
785 1041 934 1101 custodiat
952 1060 1008 1100 roa
1027 1047 1061 1101 et
1084 1043 1278 1103 misereatur
1292 1044 1382 1105 reati:
1417 1056 1429 1095 ι

180 1134 334 1188 convertat
349 1125 497 1184 Dominus
509 1123 628 1182 vultum
643 1142 730 1182 suum
743 1122 829 1181 vobis
840 1126 874 1181 et
884 1121 937 1181 det
948 1121 1036 1182 vebia
1047 1140 1171 1201 pacem
1217 1124 1289 1185 Per.
1427 1116 1429 1123 ’

240 1208 319 1267 Alia.
362 1206 496 1283 Respice,
512 1203 649 1277 Domine,
664 1202 702 1261 de
715 1201 786 1261 calo
798 1220 896 1280 super,
910 1209 938 1260 et
950 1208 1046 1262 cetam
1057 1210 1100 1263 ae
1111 1222 1224 1281 capra,
1237 1224 1267 1283 p
1281 1204 1326 1265 29.

241 1346 305 1404 rho
322 1342 423 1402 Douai
436 1341 595 1401 Pontifical
607 1340 681 1399 adds
693 1360 742 1399 :-

241 1452 403 1513 Benedicat
419 1470 472 1510 vos
489 1449 581 1510 Pater
597 1455 628 1509 et
646 1448 742 1508 Filius
758 1452 790 1507 et
807 1445 937 1525 Spiritus
954 1445 1098 1523 Senem
1115 1448 1175 1527 qui
1192 1450 1295 1511 trinm
1310 1449 1384 1511 estin

180 1553 304 1593 numero
317 1538 349 1592 et
362 1551 440 1590 unus
453 1531 486 1589 in
498 1529 626 1589 nomine.

606 1770 982 1782 ————-—-——

583 1784 982 1795 -ι-ψ

766 1960 811 2027 11.

183 2136 304 2197 saon
325 2132 538 2193 enormes
560 2131 929 2205 sacaannnraar,
952 2132 1027 2191 sm.
1050 2132 1125 2207 ιιι.
1145 2150 1218 2195 m
1241 2134 1388 2196 corion

285 2231 351 2291 ns.
374 2230 530 2290 cuiun.
552 2229 592 2288 a
615 2226 893 2303 111.,aa1r1e11
914 2226 1118 2289 mnenon.
1160 2230 1244 2291 sm
1267 2230 1309 2291 x,

247 2374 350 2437 Orotao
359 2395 416 2453 pro
431 2371 653 2451 conjupomdia*

246 2457 367 2516 Exaudi
389 2475 453 2528 nos,
478 2453 615 2526 Domine,
640 2458 742 2512 sancte
766 2452 866 2525 Pater,
891 2451 1080 2532 omnipotens
1109 2460 1229 2515 aterne
1260 2456 1351 2527 Deua
1369 2464 1397 2517 et

185 2538 335 2596 institutis
347 2537 410 2595 tuis
427 2536 535 2612 quibus
548 2534 791 2611 propagationem
807 2532 933 2591 humani
944 2534 1061 2611 generis
1077 2534 1244 2609 ordinasti,
1259 2536 1399 2617 benignus

186 2619 305 2691 adsiste,
320 2623 355 2674 ut
370 2616 449 2694 quod
462 2622 492 2673 te
506 2621 625 2673 auctore
634 2614 784 2690 jungitur,
797 2618 830 2671 te
843 2612 1007 2672 auxiliante
1019 2620 1170 2675 serretur.
1216 2616 1289 2677 Per.

247 2696 367 2756 Exaudi
379 2715 442 2768 nos,
459 2694 646 2771 omnipotens
659 2700 691 2751 et
707 2693 872 2752 misericors
885 2693 976 2765 Deus,
989 2702 1016 2753 et
1028 2702 1124 2755 celem
1135 2704 1174 2755 ut
1184 2714 1297 2775 aspro,
1309 2717 1339 2776 p.
1354 2698 1398 2757 29.

247 2778 343 2854 Super
352 2777 455 2835 obtato.
498 2775 628 2851 Suscipe,
640 2792 818 2851 quaesumus,
828 2773 965 2847 Domine,
976 2782 1003 2833 et
1016 2782 1110 2834 celcra
1121 2784 1160 2835 ut
1170 2794 1284 2855 supra,
1298 2796 1327 2857 p
1343 2778 1388 2837 ³1.

246 2857 391 2933 Praesotio
414 2856 495 2914 V.D.
545 2855 605 2925 Qui
626 2854 734 2912 federa
755 2853 929 2931 nuptiarum
948 2853 1058 2913 blando
1080 2856 1254 2917 concordiae
1273 2858 1350 2937 jugo
1371 2864 1401 2917 et

186 2938 339 2996 insolubili
366 2936 446 3014 pacis
469 2935 589 2993 vinculo
611 2934 754 3008 nexuisti,
779 2939 815 2992 ut
840 2933 1075 3012 multiplicandis
1100 2936 1308 3015 adoptionum
1334 2938 1400 2997 filiis

186 3024 355 3077 sanctorum
366 3017 580 3075 connubiorum
590 3015 754 3073 fecunditas
763 3014 871 3092 pudica
879 3020 1055 3073 servaretur.
1080 3014 1149 3075 Tua
1158 3016 1254 3091 οιιὶιιι,
1264 3018 1399 3091 Domine,

187 3097 384 3175 providentia,
397 3103 451 3155 tua
467 3095 564 3172 gratia
586 3094 787 3154 ineffabilibus
802 3094 900 3153 modis
915 3100 1077 3173 utrumque
1092 3094 1254 3173 dispensat
1270 3105 1309 3159 ut
1324 3100 1399 3177 qnod

186 3177 338 3254 generatio
352 3176 390 3234 ad
411 3177 517 3233 mundi
529 3175 593 3234 edit
610 3180 827 3249 ornamentum,
841 3174 1024 3253 regeneratio
1039 3174 1080 3235 ad
1092 3174 1240 3237 Eccleeise
1257 3178 1398 3257 perducat

186 3262 387 3335 augmentum.
430 3256 472 3313 Et
485 3256 559 3314 ideo.

248 3338 339 3395 Hanc
355 3335 448 3413 igitur
466 3336 645 3394 oblationem
662 3334 842 3394 famulorum
866 3340 989 3393 tuorum
1005 3354 1097 3413 quam
1109 3336 1173 3395 tibi
1193 3338 1331 3399 offerunt
1347 3358 1397 3419 pro

187 3416 300 3476 famula
316 3422 369 3474 tua
387 3415 430 3476 tlt.
445 3435 535 3494 quam
552 3416 711 3492 perducere
728 3415 868 3493 dignatus
884 3434 916 3474 ee
931 3416 971 3474 ad
985 3421 1100 3479 satum
1117 3418 1299 3479 maritalem
1313 3426 1346 3481 et
1361 3418 1397 3479 ad

187 3499 267 3556 diem
286 3497 468 3574 nuptiarum,
492 3516 546 3573 pro
568 3515 627 3573 qua
649 3495 800 3572 majestati
817 3500 878 3555 tua
897 3495 1050 3555 fimdimue
1069 3496 1223 3575 supplices
1245 3518 1349 3579 preces
1364 3505 1399 3559 ut

187 3598 254 3636 eam
274 3578 421 3655 propitius
438 3597 506 3635 cum
530 3577 595 3635 viro
615 3595 668 3634 suo
684 3576 821 3652 copulare
841 3576 980 3655 digneris,
996 3594 1178 3653 quaesumus,
1198 3578 1345 3655 Domine,
1363 3586 1397 3639 ut

187 3659 329 3736 placatus,
345 3667 371 3717 et
384 3666 475 3717 cetera
488 3666 523 3714 ut
535 3676 637 3732 cupro,
651 3676 678 3732 p.
696 3656 743 3713 33.

248 3739 417 3814 Antequam
429 3738 549 3797 dikatur
562 3737 628 3795 Pax
642 3736 773 3808 Domini,
788 3736 868 3795 dicct
880 3736 957 3796 dotto
971 3735 1149 3797 &aliem

249 3819 425 3896 Propitiare,
440 3819 577 3889 Domine,
593 3816 857 3894 supplicationibus
869 3818 986 3889 nostrie,
998 3825 1027 3876 et
1039 3824 1132 3879 cetera
1140 3826 1179 3879 ac
1190 3838 1301 3899 aspra,
1352 3822 1397 3883 97.

247 3898 422 3958 Benedictio.
464 3899 546 3956 Deus
559 3898 613 3974 qui
625 3903 772 3974 potestate
783 3897 906 3956 vntutia
919 3904 989 3972 tua,
1001 3904 1030 3957 et
1041 3906 1135 3957 cetera
1146 3906 1186 3959 ut
1197 3920 1299 3981 surpra
1309 3840 1379 3965 διὰ

249 3979 314 4037 Pax
329 3978 452 4036 Domini
465 3979 505 4037 sit
517 3997 631 4054 semper
644 3977 803 4036 vobiscum

249 4057 432 4119 Communia.
475 4057 691 4128 Benedicimus,
705 4065 732 4115 et
745 4066 836 4117 cetero
848 4065 884 4116 at
896 4076 997 4135 arcpm,
1010 4076 1040 4135 p.
1052 4056 1101 4117 99.

248 4138 300 4198 Ad
313 4138 533 4277 Omrcplgadum.
576 4138 761 4212 Quaesumue,
779 4138 967 4215 omnipotens
986 4137 1078 4211 Deus,
1096 4138 1255 4219 instituta,
1269 4152 1299 4205 et
1312 4152 1398 4205 mera

186 4228 221 4277 at
234 4237 334 4295 capro,
350 4238 378 4296 p.
435 4263 442 4277 .
556 4276 559 4281 .

435 4353 455 4390 ⁴⁵
480 4351 553 4411 This
566 4371 673 4431 prayer
685 4353 711 4412 is
724 4357 779 4412 not
792 4354 825 4412 in
839 4352 904 4413 Me.
920 4352 1024 4429 Claud,
1038 4352 1079 4413 Δ.
1092 4352 1138 4415 iii.
