2866 4846
108 347 189 412 196*
324 342 469 411 Ordiucs
486 340 665 408 Uuotiouis
679 343 843 409 Extrema
856 348 886 408 ot
900 343 1108 429 Sepultura.

170 511 234 582 Quo
245 509 340 584 sacto,
354 508 456 584 saciat
470 508 589 583 siquam
607 508 703 566 ortuis
723 509 758 567 de
778 509 836 568 oleo
849 517 951 568 saucto
971 510 1008 568 iu
1023 530 1152 586 corpore
1169 511 1289 581 infirmi
1305 512 1334 569 iu

106 600 213 666 septem
237 591 306 649 locis
329 590 498 664 subscriptis
522 590 563 646 ad
586 608 828 665 unamquamque
848 609 961 649 aucam
979 591 1149 668 propriam
1173 592 1334 652 Oratromu

110 672 253 731 diceudo:

170 751 221 809 Ad
244 751 347 810 oculos.
391 750 450 807 Per
470 749 560 806 istam
582 749 756 807 unctionem
783 755 915 809 sanctam
939 748 981 830 ᾧ
1005 756 1040 809 et
1061 771 1157 811 suam
1177 752 1331 829 piissimam

109 832 343 890 misericordiam
365 837 469 907 parcat
486 831 544 886 tibi
561 830 710 888 Dominus
734 831 877 907 quicquid
896 831 1058 890 oculorum
1075 833 1161 891 vitio
1179 833 1330 911 deliquisti.

171 912 256 970 Res.
300 913 409 969 Amen.

172 934 310 1051 Miriistri
328 1013 392 1050 vero
414 1000 538 1066 tauqaut
558 991 653 1049 locam
671 991 828 1050 iuuuctum
846 1012 913 1050 cum
930 1000 1047 1069 stuppa
1064 1013 1217 1072 rcpoueus
1232 1014 1292 1055 cam
1303 994 1332 1052 iu

110 1092 176 1132 vase
189 1074 310 1143 maudo,
325 1082 351 1131 ct
365 1073 406 1130 sic
410 1072 512 1146 saciat
520 1081 588 1146 post
602 1073 760 1146 quamlibet
773 1073 948 1131 uuctioucm.

177 1151 334 1232 [Similiter
344 1154 541 1223 adamasset
555 1172 593 1224 os,
607 1154 647 1210 ad
655 1172 773 1223 marrus,
784 1154 825 1209 ad
833 1153 929 1228 pedes,
941 1161 967 1212 st
980 1155 1027 1212 ad
1036 1153 1169 1229 lumbos,
1181 1151 1329 1234 utsupra]

174 1233 287 1303 Quibus
314 1234 450 1291 omuibus
472 1233 603 1308 peractis
629 1243 656 1291 ct
677 1253 698 1290 a
726 1233 836 1292 clericis
862 1233 997 1293 Psalmis
1026 1243 1055 1294 et
1083 1236 1228 1297 Isitauiis
1253 1235 1328 1307 lectis,

111 1311 253 1372 Sacerdos
266 1314 346 1370 dicat
358 1338 368 1372 .-

172 1394 269 1470 Kyrie
283 1395 409 1469 eleyson.
454 1393 574 1451 Christe
588 1393 715 1470 eleyson.
759 1393 857 1472 Kyrie
871 1393 1009 1471 eleyson¹

172 1474 265 1532 Pater
278 1481 386 1532 noster.
429 1474 471 1530 Et
484 1494 522 1531 ne
536 1493 598 1531 nos,

174 1554 298 1613 Salvum
311 1556 357 1613 fac
371 1574 492 1612 servum
506 1561 601 1612 tuum.

174 1635 267 1693 Mitte
281 1636 317 1708 ei,
333 1635 472 1706 Domine,
487 1635 636 1692 auxilium
650 1636 686 1693 de
701 1641 810 1695 sancto.

173 1716 248 1774 Esto
263 1717 297 1789 ei,
314 1717 453 1787 Domine,
467 1717 560 1773 turris
574 1716 769 1776 fortitudinis.

174 1797 263 1854 Nihil
276 1799 411 1873 proficiat
427 1797 565 1854 inimicus
579 1797 612 1852 in
626 1816 668 1856 eo,

173 1878 311 1950 Domine,
326 1878 435 1935 exaudi
449 1878 615 1934 orationem
628 1897 736 1935 meam.
776 1877 927 1936 Dominus
940 1878 1114 1939 vobiscum.

172 1957 282 2017 Oratio.
307 1959 436 2016 Domine
451 1958 542 2030 Deus,
552 1958 604 2034 qui
614 1978 667 2034 per
680 1959 847 2034 apostolum
857 1965 946 2016 tuum
959 1959 1084 2018 locutus
1099 1979 1143 2033 es,
1158 1960 1323 2019 Infirmntur

114 2039 180 2116 quis
194 2039 228 2096 in
241 2040 334 2111 voblS,
351 2049 377 2096 et
391 2047 481 2096 colera
495 2048 529 2095 ut
546 2059 648 2114 supra,
664 2059 690 2114 p.
708 2039 755 2096 46.

173 2120 245 2177 Alia
271 2119 380 2177 Oratio.
436 2119 571 2195 Respice,
593 2139 770 2195 quaesumus,
791 2119 929 2194 Domine,
945 2119 1099 2179 famulum
1121 2127 1212 2180 tuum
1237 2121 1273 2180 N.
1295 2121 1322 2178 in

113 2199 297 2272 infirmitate,
314 2209 339 2257 et
354 2209 445 2258 cetera
458 2209 492 2256 ut
506 2220 599 2274 supra
612 2200 725 2259 ibidem.

173 2281 245 2337 Alia
268 2280 378 2338 Oratio.
423 2281 561 2351 Domine,
581 2287 682 2338 sancte
699 2281 799 2352 Pater,
820 2280 1011 2358 omnipotens
1034 2287 1153 2342 eterne
1172 2283 1261 2357 Deus,
1278 2280 1322 2358 qui

114 2361 337 2434 benedictionis
354 2371 380 2419 et
394 2369 486 2418 cetera
499 2371 649 2436 utsupra,
664 2381 691 2437 p.
711 2362 797 2420 185⁸.

176 2442 310 2550 Orqmus.
354 2442 503 2499 Dominus
524 2443 546 2500 J
549 2462 614 2499 esus
637 2442 775 2499 Christus
799 2441 880 2518 apud
898 2446 930 2500 ta
952 2442 1001 2516 sit,
1017 2451 1047 2503 et
1065 2452 1166 2505 cetera
1182 2454 1219 2505 ut
1235 2462 1321 2522 supra,

175 2604 280 2661 Postea
295 2611 401 2679 stuppa
410 2603 590 2679 projiciatur
603 2604 637 2661 iu
647 2603 751 2677 iqucm.
794 2602 854 2661 His
865 2603 1005 2678 peractis,
1020 2623 1053 2663 co
1066 2605 1178 2665 ordiuc
1191 2625 1247 2683 quo
1258 2624 1326 2665 acm·

112 2684 176 2743 riut
190 2685 231 2744 ad
244 2684 389 2744 ecclesiast
402 2693 594 2756 revertautur,
606 2693 717 2760 eccepto
730 2683 811 2759 quod
822 2703 895 2742 crau
906 2693 1059 2745 remaneat
1072 2706 1178 2748 coram
1191 2687 1311 2765 iufiraso.

522 2903 611 2962 Osno
634 2903 932 2981 Gonnuunaumuss,

178 3061 327 3138 Iuprimis
332 3064 414 3136 fiaut
427 3059 557 3118 Litauiae
571 3061 664 3119 breim
677 3061 712 3119 iu
725 3061 805 3120 bauo
817 3063 938 3121 modum
948 3085 958 3122 :

285 3192 288 3198 ·
322 3161 419 3234 Kyrie
434 3160 560 3233 eleyson.
604 3159 722 3217 Christe
736 3160 863 3236 eleyson.
906 3158 1006 3236 Kyrie
1017 3159 1154 3238 eleyson.

324 3241 434 3296 Sancta
448 3240 556 3310 Maria,
572 3259 624 3297 ora
637 3261 691 3316 pro
705 3260 747 3298 oc.

284 3320 394 3378 Omnes
408 3321 504 3377 sancti
518 3321 629 3397 Angeli
642 3328 673 3378 et
686 3321 879 3398 Archangeli,
893 3326 975 3380 orate
988 3340 1045 3399 pro
1058 3341 1107 3385 eo.

325 3401 433 3458 Sancte
447 3399 533 3472 Abel,
550 3421 602 3458 ora
616 3421 669 3476 pro
684 3422 725 3458 eo,

286 3481 391 3540 Omnis
405 3482 512 3538 chorus
526 3481 693 3554 bustorum,
708 3487 791 3540 orate
804 3502 858 3559 pro
872 3502 915 3540 ee.

327 3563 434 3621 Sancte
447 3562 611 3634 Abraham,
629 3581 680 3619 ora
693 3583 746 3638 pro
761 3582 802 3621 e0.

326 3644 433 3700 Sancte
446 3642 600 3699 lohannes
615 3643 762 3718 Baptista,
778 3663 830 3701 ora
843 3662 898 3719 pso
912 3662 954 3701 eo.

287 3723 397 3783 Omnes
408 3724 505 3781 sancti
518 3723 699 3780 Patriarchae
710 3730 741 3781 et
751 3724 917 3801 Prophetae,
927 3727 1011 3783 orate
1021 3742 1079 3801 pro
1091 3744 1138 3786 00.

327 3805 434 3862 Sancte
449 3805 546 3876 Petre,
563 3823 615 3860 ora
628 3823 682 3880 pro
697 3823 739 3863 eo.

326 3884 434 3942 Sancte
449 3884 550 3955 Paule,
566 3903 617 3941 ora
630 3904 684 3960 pro
699 3904 741 3943 eo,

326 3965 433 4022 Sancte
446 3965 580 4035 Andrea,
595 3984 647 4022 ora
660 3985 714 4041 pro
728 3984 771 4023 ec.

286 4045 395 4103 Omnes
410 4045 506 4102 sancti
517 4045 658 4120 Apostoli
669 4053 699 4103 et
709 4045 917 4122 Evangelistae,
929 4049 1013 4104 orate
1023 4064 1081 4123 pro
1092 4066 1140 4110 00.

285 4126 396 4183 Omnes
410 4127 505 4183 sancti
519 4127 708 4198 Innocentes,
724 4133 807 4184 orate
820 4146 875 4203 pro
889 4144 932 4185 co.

326 4208 433 4264 Sancte
447 4207 605 4283 Stephane,
621 4226 672 4263 ora
689 4227 742 4282 pro
758 4227 799 4265 ec.

284 4285 395 4345 Omnes
408 4288 504 4345 sancti
518 4288 677 4364 Martyres,
694 4294 777 4345 orate
792 4307 845 4365 pro
859 4306 900 4348 co.

324 4367 432 4424 Sancte
447 4368 599 4438 Silvester,
615 4389 667 4426 ora
683 4388 737 4445 pro
752 4388 794 4428 eo.

282 4446 393 4507 Omnes
406 4450 502 4507 sancti
517 4449 677 4508 Pontifices
691 4455 721 4508 et
736 4448 934 4525 confessores,
949 4453 1034 4512 onte
1046 4468 1105 4531 pro
1120 4471 1169 4517 0⁰.
