2850 4800
504 327 508 332 v
529 275 782 344 Commutatio
805 276 1033 345 Animarum.

557 508 798 589 [Consumsere
820 510 1005 568 Amerinum

239 643 302 700 The
316 641 460 699 Bodleian
477 640 542 700 MS.
559 642 641 718 gives
658 640 709 698 the
731 640 884 717 following
901 641 978 699 form
997 640 1113 700 instead
1130 641 1164 699 os
1178 641 1247 700 that
1263 641 1384 721 printed

179 759 219 799 on
232 759 279 817 pp.
296 739 386 796 55-58
400 759 448 797 :-

238 852 305 910 Isto
327 852 429 910 Oratio
451 851 570 910 dicatur
589 850 709 926 quoodo
730 851 837 908 aalma·
854 851 971 911 videtur
990 851 1121 911 &iterare
1142 853 1324 912 transeundo
1351 855 1386 913 de

180 970 305 1028 coepere.

238 1045 417 1121 Antiphone.
466 1043 629 1102 Subvenite
649 1043 746 1101 saneti
767 1043 834 1116 Dei,
857 1045 1002 1103 occurrite
1023 1046 1121 1122 angeli
1141 1046 1274 1119 Domini,
1296 1048 1384 1106 susei-

178 1145 293 1220 pientes
306 1145 436 1200 animam
449 1143 521 1218 ejus,
536 1142 692 1199 offerentes
706 1160 771 1198 eam
784 1142 818 1198 in
831 1149 989 1218 conspeetu
1002 1142 1158 1201 Altissimi.

240 1241 387 1316 Requiem
401 1245 550 1296 aeternam.

241 1337 350 1395 Oratio
392 1335 578 1393 Proficiscere
592 1335 692 1392 anima
706 1335 885 1408 Christiana,
900 1336 937 1394 de
950 1335 1005 1395 hoo
1018 1335 1129 1394 mundo
1142 1357 1151 1409 3

240 1434 280 1490 In
292 1434 412 1490 nomine
426 1432 485 1489 Dei
499 1432 598 1489 Patris
612 1432 832 1508 omnipotentis,
847 1432 900 1509 qui
914 1439 944 1490 te
958 1433 1078 1490 creavit.

241 1531 279 1586 [n
293 1531 412 1585 nomine
426 1529 448 1586 J
449 1549 500 1587 esu
515 1528 632 1586 Christe
646 1528 717 1585 Filii
729 1530 801 1605 ejus,
816 1529 869 1605 qui
882 1548 936 1606 pro
951 1536 981 1587 te
994 1549 1096 1605 passus
1110 1534 1161 1587 est.

240 1627 279 1681 In
289 1627 407 1682 nomine
423 1625 551 1700 Spiritus
566 1625 675 1697 Sancti,
690 1625 790 1701 quiin
802 1631 833 1682 te
847 1625 957 1683 effusus
969 1632 1022 1684 est.

240 1723 280 1780 In
292 1723 411 1779 nomine
425 1721 611 1798 Angelorum
625 1728 656 1778 et
669 1721 929 1798 Archangelorum.

240 1819 279 1873 In
292 1818 412 1874 nomine
426 1818 612 1876 Thronorum
626 1824 657 1875 et
670 1819 894 1876 Dominatuum.

240 1913 280 1969 In
307 1915 426 1970 nomine
453 1914 681 1990 Principatuum
707 1920 738 1972 et
765 1915 970 1994 Protestatum
999 1921 1030 1972 et
1059 1916 1193 1973 omnium
1220 1913 1379 1976 caelestium

180 2009 348 2066 Virtutum.

239 2109 279 2164 In
292 2108 411 2164 nomine
426 2107 578 2165 Cherubin
591 2114 622 2164 et
636 2108 788 2183 Seraphin.

241 2204 281 2260 In
293 2205 413 2260 nomine
427 2203 667 2261 Patriareharum
681 2209 712 2260 et
725 2204 951 2279 Prophetarum.

241 2303 280 2357 In
293 2303 412 2358 nomine
425 2301 640 2376 Apostolorum
653 2307 684 2358 et
698 2301 877 2376 Martyrum,

241 2399 281 2454 In
293 2399 414 2455 nomine
428 2398 632 2455 Oonfessorum
649 2402 679 2454 et
692 2397 914 2473 Episcoporum.

240 2494 279 2551 In
292 2497 411 2551 nomine
426 2495 617 2552 Sacerdotum
631 2500 662 2551 et
676 2494 849 2551 Levitarum
864 2498 893 2550 et
914 2493 1048 2550 omnium
1062 2493 1199 2552 Ecclesiae
1222 2496 1381 2557 Catholicae

179 2589 331 2664 graduum.

239 2688 278 2743 In
291 2686 411 2743 nomine
424 2685 586 2762 Virginum
600 2691 630 2743 et
643 2685 775 2743 fidelium
789 2684 967 2756 Viduarum,
982 2685 1070 2744 hodie
1088 2686 1122 2743 in
1135 2707 1205 2763 pace
1218 2689 1300 2748 loeus
1314 2696 1384 2749 tuus

178 2783 232 2838 fiat
245 2788 275 2838 et
288 2781 433 2838 habitatio
447 2787 500 2838 tua
513 2783 545 2838 in
559 2780 669 2838 caelesti
682 2780 880 2838 Hierusalem.

240 2881 368 2956 Suscipe,
388 2882 499 2956 itaque,
521 2881 658 2952 Domine,
673 2886 791 2937 servem
812 2885 900 2936 tuum
915 2880 948 2936 in
969 2879 1079 2937 bonum
1092 2900 1127 2938 ae
1147 2881 1281 2940 lucidum
1302 2884 1383 2943 habi-

178 2977 310 3034 taculum
324 2983 418 3034 tuum.

239 3075 355 3146 Libera,
370 3075 506 3148 Domine,
520 3075 650 3132 animam
670 3074 748 3132 servi
761 3074 816 3145 tui,
831 3092 869 3130 ex
883 3073 1020 3131 omnibus
1039 3074 1179 3150 periculis
1196 3075 1382 3135 infernorum

178 3177 209 3229 et
222 3172 257 3229 de
272 3171 342 3229 locis
355 3192 507 3248 paenarum
521 3178 551 3229 et
565 3172 601 3229 de
615 3172 751 3229 omnibus
765 3171 914 3228 doloribus
927 3170 1163 3230 tribulationum.

238 3269 355 3339 Libera,
370 3268 506 3340 Domine,
522 3268 653 3325 animam
666 3268 743 3325 servi
757 3267 812 3340 tui,
827 3267 904 3325 sicut
924 3266 1056 3325 liberasti
1070 3267 1173 3325 Enoch
1187 3275 1218 3326 et
1232 3269 1331 3330 Eliam
1342 3271 1380 3331 de

177 3370 272 3421 morte
286 3364 443 3421 communi.

237 3461 352 3534 Libera,
372 3463 509 3532 Domine,
530 3462 661 3519 animam
674 3461 753 3519 servi
765 3461 819 3534 tui,
835 3459 912 3518 sicut
933 3460 1067 3518 liberasti
1087 3460 1213 3537 Moysen
1226 3462 1263 3520 de
1284 3482 1378 3521 manu

178 3556 349 3614 Pharaonis.

238 3655 352 3723 Libera,
368 3657 504 3728 Domine,
521 3657 650 3713 animam
671 3656 750 3714 servi
769 3656 824 3728 tui,
840 3655 918 3713 sicut
937 3655 1070 3712 liberasti
1091 3655 1170 3712 Loth
1187 3656 1223 3714 de
1245 3657 1381 3717 Sodomis

177 3757 207 3809 et
221 3753 256 3809 de
271 3753 389 3808 flamma
402 3753 486 3828 ignis.

237 3851 352 3921 Libera,
379 3851 515 3921 Domine,
540 3851 669 3907 animam
691 3851 769 3909 servi
792 3850 846 3920 tui,
865 3850 942 3908 sicut
963 3849 1097 3907 liberasti
1120 3850 1204 3908 Isaae
1228 3852 1265 3909 de
1287 3871 1380 3912 manu

175 3948 268 4021 patris
283 3948 330 4003 sui
346 3947 486 4006 Abrabae.

237 4044 352 4114 Libera,
367 4045 505 4117 Domine,
521 4045 650 4102 animam
664 4045 742 4102 servi
755 4044 810 4118 tui,
825 4044 902 4102 sieut
922 4044 1057 4102 liberasti
1069 4044 1092 4102 J
1092 4045 1130 4102 ob
1143 4044 1180 4103 de
1193 4047 1380 4122 passionibus

177 4142 245 4197 suis.

238 4240 351 4312 Libera,
381 4243 518 4315 Domine,
539 4244 670 4301 animam
696 4243 775 4301 servi
800 4244 856 4315 tui,
881 4244 957 4301 sicut
979 4242 1113 4300 liberasti
1136 4249 1196 4301 tres
1217 4261 1325 4318 pueros
1344 4242 1382 4300 de

225 4333 290 4390 uno
303 4338 380 4414 iguis
393 4340 524 4398 ardentis
538 4346 568 4398 et
583 4341 619 4399 de
633 4359 723 4398 manu
737 4339 813 4416 regis
826 4339 932 4415 iniqui.
