2866 4846
188 316 269 378 168*
387 288 391 295 ’
471 311 615 377 Ordines
630 308 676 375 ad
690 309 902 376 Faciendum
916 294 1132 396 Sporcsaiia.'

247 479 362 535 Deinde
377 477 456 536 dicat
469 476 628 536 Sacerdos:
686 548 689 555 Δ

248 559 361 614 Munda
375 558 466 628 Deus,
481 566 506 615 et
521 565 611 614 cetera
624 564 658 613 at
671 575 771 632 acpra,
786 576 814 632 p.
831 557 877 614 28.

248 637 351 695 Gloria
364 637 457 693 Patri.
501 637 585 693 Siout
599 642 670 693 erat.

247 718 344 792 Kyrie
358 718 483 792 eleyson.
528 717 644 773 Christe
658 715 784 790 eleyson.
828 715 924 792 Kyrie
938 716 1073 794 eleyson.

247 798 339 854 Pater
352 804 460 854 noster.
504 796 545 852 Et
559 816 597 853 ne
611 815 671 853 nos.
715 795 773 853 Sed
787 796 887 853 libera.

159 941 162 946 ,
247 878 461 934 Benedianmns
475 876 596 933 Patrem
610 882 641 932 et
654 875 766 932 Filium
780 896 847 933 cum
863 876 971 934 Sancto
987 875 1134 953 Spiritu:

284 957 455 1017 Laudemus
469 962 500 1013 et
513 956 764 1031 superexaltemus
778 975 846 1012 eum
859 957 892 1012 in
906 956 1021 1015 saecula.

246 1037 414 1093 Laudemus
429 1036 601 1106 Dominum,
617 1054 705 1110 quem
719 1036 843 1092 laudant
856 1035 954 1111 angeli
968 1057 974 1093 :

287 1117 382 1186 Quem
398 1116 549 1173 Cherubin
563 1122 593 1172 et
607 1115 761 1191 Seraphim
776 1115 909 1187 Sanctus,
926 1115 1067 1189 Sanctus,
1084 1116 1296 1194 proclamant

246 1197 383 1268 Domine,
399 1195 517 1252 exaudi.

245 1277 393 1333 Dominus
406 1277 565 1332 vobiscum.

244 1356 409 1413 Benedictio
423 1356 532 1412 anuali
546 1375 613 1413 canc
627 1354 761 1412 Oremus.

245 1435 367 1492 Creator
388 1440 418 1491 et
441 1441 631 1492 conservator
652 1435 776 1492 humani
799 1434 921 1511 generis,
937 1435 1026 1492 dator
1046 1437 1162 1511 gratiae
1186 1439 1338 1516 spiritalis,
1350 1439 1391 1497 hr-

183 1516 262 1590 gitor
284 1523 400 1572 {eternae
425 1515 547 1571 salutis:
568 1521 613 1586 tu,
630 1515 767 1587 Domine,
782 1516 873 1572 mitte
894 1513 1191 1594 beneffldietionem
1215 1527 1302 1578 tuam
1321 1540 1389 1596 snper

183 1597 262 1652 hunc
290 1595 443 1665 annulum,
472 1595 586 1670 respice,
611 1601 647 1651 ut
674 1615 739 1670 quoe
766 1595 852 1652 illum
878 1596 1041 1671 gestaverit
1072 1597 1118 1654 sit
1146 1607 1272 1658 arrhata
1297 1602 1388 1658 virtue

184 1676 306 1732 caelestis
319 1675 507 1745 defensionis,
518 1681 548 1732 et
562 1674 697 1750 proficiat
710 1675 756 1731 illi
769 1676 806 1732 ad
821 1681 962 1732 aetermam
975 1675 1119 1735 salutem.
1165 1679 1232 1738 Per
1247 1681 1386 1739 Christum.

243 1756 314 1812 sitia
329 1755 430 1813 Oratio
445 1775 511 1812 erem
526 1755 658 1812 Oremus.

245 1834 431 1913 Beneffldia
448 1835 587 1906 Domino,
602 1844 628 1892 et
643 1842 733 1905 cetera
746 1843 892 1910 utsupra,
907 1855 935 1909 p.
953 1834 999 1895 27.

243 1916 302 1972 Hic
326 1916 451 1990 acepiiat
475 1934 598 1990 sponsas
621 1915 768 1971 annualem
793 1936 859 1973 carn
881 1915 974 1973 tribas
991 1917 1229 1995 principalibus
1248 1920 1348 1997 dicitis,
1366 1928 1385 1978 et

181 1996 323 2069 incipiens
337 2017 356 2051 a
365 1995 469 2069 pollice
482 2015 593 2069 sperasne
607 1995 694 2064 dicat,
710 1994 823 2051 docente
831 1995 1016 2070 presbrytero:

243 2076 339 2150 W’yth
360 2077 420 2130 this
440 2075 509 2150 gold
529 2083 606 2150 ry‘ng
618 2083 639 2149 y
652 2094 689 2150 ye
703 2075 821 2146 wedde3
841 2074 909 2151 gold
923 2074 982 2131 and
996 2075 1092 2134 siluer
1106 2080 1158 2138 ich
1173 2103 1215 2158 ye
1230 2101 1305 2162 geue
1313 2100 1322 2153 3
1338 2079 1385 2138 and

182 2155 255 2211 with
277 2164 327 2230 my'
350 2155 419 2212 hodi
443 2155 491 2212 ioh
513 2174 550 2230 ye
572 2155 721 2230 warschep
731 2174 740 2226 3
760 2155 819 2211 and
835 2154 907 2211 with
927 2155 957 2212 al
976 2164 1028 2231 my
1045 2161 1224 2238 wordelyeh
1245 2162 1385 2236 catelIye

181 2236 322 2291 honoure.

242 2315 293 2372 Ad
309 2315 446 2390 primane
467 2314 664 2387 dipitnrn,1n
685 2314 804 2371 nomine
827 2313 943 2386 Patris3
964 2315 1007 2373 ad
1025 2321 1197 2380 secandam
1219 2323 1349 2398 nimitum,
1361 2325 1387 2376 et

182 2394 253 2450 Filii
263 2415 272 2466 5
304 2396 344 2451 ad
367 2395 482 2450 tertiam
509 2394 644 2467 dipitane,
667 2400 697 2450 et
722 2395 850 2469 Spiritus
874 2394 993 2467 sanan
1025 2398 1066 2455 ad
1091 2411 1242 2475 quartam
1262 2402 1386 2478 diuitum,

181 2477 290 2544 Amen,
307 2483 332 2532 et
346 2475 388 2531 ibi
401 2475 572 2531 dintittatar
585 2475 745 2531 secandam
758 2474 913 2532 Decretaie.

241 2555 356 2611 Deinde
370 2555 449 2612 dicat
463 2554 539 2610 hane
553 2554 774 2611 benedictionem
787 2575 873 2630 saper
883 2572 951 2614 eos:

242 2634 397 2691 Benedicti
410 2634 475 2691 sitis
489 2654 507 2690 a
520 2634 650 2690 Domino
664 2635 717 2708 qui
729 2634 800 2691 fecit
813 2635 956 2692 mundum
969 2655 1009 2693 ex
1022 2637 1129 2698 nihilo.
1175 2641 1288 2701 Amen.

245 2716 346 2772 Oratio
361 2715 422 2771 siae
437 2714 583 2770 Dominus
597 2712 776 2771 vobiscum.÷÷

242 2795 324 2851 Deus
339 2795 502 2865 Abraham,
517 2794 600 2850 Deus
614 2794 705 2864 Isaac,
721 2803 747 2850 et
761 2803 852 2852 cetera
864 2804 1011 2870 utsupra,
1027 2816 1056 2872 p.
1074 2797 1124 2856 28.

242 2876 415 2932 Benedictio.
459 2874 621 2930 Benedicat
634 2893 687 2930 vos
702 2875 784 2930 Deus
798 2874 896 2946 Pater,
912 2884 938 2933 et
952 2884 1043 2933 cetera
1056 2886 1216 2956 utsupra,
1232 2901 1259 2958 p.
1277 2879 1342 2940 20⁴.

241 2955 303 3011 Hic
317 2955 427 3011 intrent
440 2954 599 3011 Ecclesiam
613 2974 703 3028 usqae
717 2954 759 3011 ad
772 2956 901 3028 praeirem
914 2955 1020 3014 altaris
1029 2980 1039 3015 .·
1060 2966 1092 3015 et.
1101 2959 1249 3021 Sacerdos
1262 2970 1289 3021 et
1302 2960 1388 3022 elerici

182 3035 281 3092 dicaret
295 3035 371 3091 hanc
386 3033 541 3091 Psaimann
554 3034 617 3091 siae
630 3043 701 3091 uota
711 3058 721 3093 :

242 3115 329 3170 Beati
344 3134 452 3184 omnes,
468 3123 494 3170 et
508 3123 599 3170 cetera
613 3113 681 3190 (Pe.
698 3114 822 3192 carnii.)

243 3195 345 3251 Gloria
360 3193 455 3250 Patri.
497 3194 581 3250 Sicut
594 3200 666 3250 erat.

242 3273 338 3348 Kyrie
353 3273 478 3346 eleyson.
523 3273 641 3330 Christe
655 3273 783 3348 eleyson.
826 3274 922 3349 Kyrie
936 3274 1062 3351 eleyson.

242 3353 332 3409 Pater
345 3357 453 3410 noster.
497 3352 538 3409 Et
552 3373 590 3409 ne
604 3373 664 3410 nos.
709 3354 766 3410 Sed
780 3354 880 3411 libera.

242 3433 364 3489 Salvum
378 3433 424 3488 sae
439 3451 558 3489 servum
571 3439 658 3489 tuum
673 3439 702 3490 et
716 3434 854 3490 ancillam
867 3440 960 3492 tuam.

242 3513 334 3570 Mitte
348 3513 398 3583 eis,
415 3513 553 3583 Domine,
569 3514 715 3570 arnxilium
729 3514 764 3570 de
778 3521 888 3572 sancto

241 3594 314 3650 Esto
328 3593 378 3664 eis,
395 3593 533 3663 Domine,
548 3594 641 3649 turris
654 3593 848 3651 fortitudinis

240 3674 378 3745 Domine,
394 3674 504 3730 exaudi
517 3692 619 3730 vocem
633 3692 736 3730 meam.

241 3755 388 3810 Dominus
402 3754 562 3811 vobiscum.

240 3835 376 3890 Oremus„

240 3914 352 3971 Oratio.
394 3913 555 3970 Benedicat
569 3932 621 3970 vos
635 3913 783 3971 Dominus
797 3933 835 3971 ex
848 3913 929 3986 Sion,
945 3921 971 3972 et
984 3920 1076 3972 cetera
1089 3920 1126 3971 at
1139 3933 1245 3990 eupra,
1259 3935 1288 3992 p.
1306 3914 1369 3974 20?

240 3994 373 4052 Oremus.

239 4074 349 4131 Oratio.
393 4074 475 4131 Deus
493 4072 656 4144 Abraham,
673 4074 755 4131 Deus
776 4075 869 4147 Isaac,
885 4074 967 4131 Deus
980 4073 1003 4131 J
1003 4072 1085 4146 acob,
1100 4080 1128 4131 et
1141 4081 1238 4132 cetera
1250 4083 1286 4134 at
1298 4094 1385 4153 supra

177 4152 247 4210 ibid.

396 4395 413 4426 i
434 4397 515 4455 Note
529 4416 566 4454 on
581 4396 758 4472 margin-“
768 4395 880 4451 Munda
894 4395 986 4464 Deus,
1001 4399 1027 4450 et
1040 4391 1160 4452 cetera.’'
