2850 4800
168 306 231 369 156
601 303 721 370 India
734 304 939 372 Poroecooca

229 478 338 538 Oratio.

226 575 317 649 Deus,
333 576 385 652 qui
406 576 513 634 animae
536 577 642 635 famuli
664 577 712 636 tui
734 577 871 656 Gregorii
894 584 1013 637 aeterna
1035 577 1232 638 beatitudinis
1251 579 1370 658 proemia

166 672 338 746 contulisti3
358 674 481 732 concede
494 674 649 750 propitius,
663 675 765 752 utqui
778 680 965 752 peccatorum
982 681 1152 734 nostrorum
1165 676 1298 752 pondere
1309 695 1372 756 pre.

165 769 283 842 mimur,
306 770 369 845 ejus
396 770 476 846 apud
502 774 533 828 te
556 771 692 847 precibus
716 770 913 830 sublevemur.
964 771 1025 830 Per
1048 771 1216 831 Dominum
1237 778 1372 833 nostrum

166 864 188 922 J
189 884 271 923 esum
286 866 446 924 Christum

614 1037 659 1097 D'c
672 1047 771 1098 corteto
785 1039 821 1098 N
818 1039 917 1100 ieoioo.

227 1120 407 1196 Antiphone.

227 1216 339 1274 Beatus
353 1215 495 1273 Nicolaus
509 1213 605 1271 adhue
618 1214 760 1290 puerulus
773 1215 869 1274 multo
877 1213 994 1294 jejunio
1007 1221 1177 1279 macerabat
1190 1240 1306 1299 corpus,

173 1312 202 1372 V.
225 1312 455 1390 (sacerdotalis).
481 1312 542 1369 Ora
555 1330 609 1388 pro
623 1311 718 1385 nobis,
732 1313 819 1371 beate
833 1313 965 1374 Nicolae.

233 1410 340 1469 Oratio.

227 1506 318 1579 Deus,
336 1506 390 1582 qui
410 1506 531 1564 beatum
557 1503 717 1563 Nicolaum
738 1506 909 1584 pontificem
929 1513 1019 1565 tuum
1039 1505 1205 1567 innumeris
1227 1508 1372 1568 decorasti

165 1603 313 1660 miraculis
324 1624 333 1676 3
353 1603 461 1674 tribue,
476 1601 570 1674 nobis,
581 1621 756 1679 quesumus,
769 1608 804 1662 ut
817 1605 881 1680 ejus
891 1603 1005 1662 meritis
1015 1609 1046 1663 et
1058 1603 1223 1681 precibusa
1232 1604 1371 1682 gehenne

63 1706 65 1710 ‘
166 1699 309 1759 incendiis
323 1697 489 1756 liberemur.
533 1697 593 1756 Per
605 1698 732 1757 eundem
746 1698 917 1759 Dominum.

227 1886 409 1965 Antiphone.

228 1983 364 2042 Salvator
378 1984 492 2057 mundi,
507 1984 588 2043 salva
607 2004 662 2045 nos
680 2006 780 2046 omnes
794 2008 800 2046 :
821 1993 922 2047 sancta
936 1988 996 2047 Dei
1007 1988 1145 2066 genetrix
1158 1989 1244 2067 virgo
1257 2008 1372 2066 semper

168 2081 275 2156 Maria,
301 2101 353 2140 ora
375 2101 428 2158 pro
453 2083 537 2141 nobis
548 2103 556 2155 ;
577 2083 713 2161 precibus
737 2102 854 2160 quoque
881 2091 1052 2144 sanctorum
1074 2085 1277 2163 apostolorum
1301 2104 1374 2143 mar·

167 2185 270 2255 tyrum
283 2186 315 2239 et
328 2178 525 2239 confessorum
542 2188 632 2258 atque
649 2187 818 2239 sanctarum
831 2181 982 2258 virginum
999 2183 1173 2261 suppliciter
1185 2182 1326 2259 petimus,
1339 2186 1373 2240 ut

168 2298 187 2337 a
210 2279 295 2337 malis
317 2280 454 2337 omnibus
476 2298 622 2352 eruamur,
636 2279 780 2356 bonisque
802 2281 940 2340 omnibus
966 2287 1099 2341 nuncet
1122 2300 1239 2358 semper
1259 2279 1374 2358 perfrui

168 2393 339 2433 mereamur.

174 2470 203 2529 V.
226 2471 454 2550 (sacerdotalis).
481 2470 640 2529 Laetamini
652 2470 685 2528 in
699 2470 838 2530 Domino.

599 2777 638 2834 ΙΝ
657 2791 712 2834 mn
733 2774 941 2832 Pmlscnvns.

229 2929 331 2990 India
344 2930 517 2991 Porooeeoes
531 2931 648 3008 expietis
662 2930 850 2991 Orationibus
862 2940 931 3008 post
942 2931 1119 3008 passionem,
1133 2931 1192 2990 dno
1206 2931 1373 3008 Presbyteri

170 3027 205 3085 in
217 3025 301 3085 Attis
313 3047 333 3085 o
346 3026 463 3086 deutoro
480 3036 565 3104 porto
586 3028 700 3087 Aberia
721 3028 810 3088 stoico
826 3048 897 3088 cneo
914 3049 1012 3088 coron
1030 3027 1071 3088 eir
1088 3029 1122 3086 in
1135 3028 1256 3087 nodam
1277 3028 1373 3088 ennio

169 3122 547 3199 interminationibus
567 3144 653 3202 niper
673 3132 770 3202 tapeto
784 3124 820 3183 oi
833 3122 933 3182 Aitori
944 3143 1035 3200 inque
1048 3124 1083 3183 in
1097 3122 1223 3184 Oiornm
1245 3143 1374 3201 npunm

164 3219 355 3295 procedentes,
384 3228 410 3278 ot
438 3218 560 3278 Onam
587 3228 746 3296 coopertura
780 3240 846 3279 ozon
879 3219 1013 3279 cennooii
1038 3220 1185 3296 supposito
1212 3219 1376 3296 bonnae

169 3324 285 3376 content
298 3315 518 3392 Antiphonem:

168 3456 1377 3610 {W

239 3620 457 3698 Po-pu-le
561 3639 691 3695 me-us,
741 3621 814 3699 quid
867 3621 983 3680 fe-ci
1036 3620 1153 3678 ti-bi
1199 3626 1260 3687 ¹aut
1300 3621 1335 3678 in

167 3795 1377 3971 Q

216 4008 276 4064 quo
405 3989 719 4047 eon-tris·ta·vi
771 3990 822 4048 tel
961 3986 1167 4064 re·sp0n-de
1208 3986 1344 4045 mi-hi:

167 4156 1375 4326 Q

215 4355 368 4431 qui--a
427 4356 671 4415 e···du-xi
737 4363 769 4416 te
816 4356 853 4415 de
917 4362 1117 4414 ter·-ra
1179 4353 1361 4430 Abi-gyp-
