2850 4800
489 359 577 426 Ordo
599 359 647 426 acl
662 358 830 445 jaciendo
850 359 1044 446 Spoasolc'o.

224 544 321 621 Kyrie
335 545 461 621 eleyson.
505 543 627 602 Christe
639 544 767 621 eleyson.
813 545 911 622 Kyrie
925 543 1052 621 eleyson.

222 641 283 699 Hic
295 649 373 716 royct
386 639 526 698 siccandos
539 640 758 701 circumstantes
771 661 855 702 crore
863 660 921 718 pro
935 640 977 699 cis
989 639 1107 699 aaran

223 738 315 796 Pater
328 743 438 796 noster.
482 738 523 795 Et
536 757 575 796 ne
589 758 652 797 nos.

224 836 399 894 Salmrmfac
408 855 527 894 servum
540 842 628 893 tuum
637 841 668 894 et
676 838 815 896 ancillam
820 843 918 896 tuam:
933 837 1017 896 Deus
1025 855 1118 908 meus,
1128 834 1324 913 sperantesin
1332 840 1371 896 te.

222 932 296 990 Esto
309 932 360 1004 eis,
375 932 514 1005 Domine,
528 932 622 990 turris
634 933 842 993 fortitudinis:
863 935 894 992 A
908 933 983 992 facie
996 932 1120 994 inimici.
1229 991 1232 995 Δ

222 1031 309 1088 Nihil
330 1031 466 1108 proficiat
490 1029 629 1089 inimicus
650 1031 683 1088 in
705 1031 766 1090 eis:
794 1033 836 1090 Et
857 1032 937 1091 filins
960 1031 1131 1108 iniquitatis
1154 1050 1218 1088 non
1241 1034 1373 1110 apponat

163 1148 268 1188 nocere
282 1130 331 1190 eis.

223 1226 315 1284 Mitte
328 1225 380 1299 eis,
395 1225 532 1297 Domine,
547 1225 694 1283 auxilium
709 1226 745 1285 de
758 1231 879 1286 sancto:
901 1227 943 1284 Et
956 1225 993 1284 de
1007 1225 1080 1284 Sion
1092 1230 1179 1283 tuere
1193 1244 1251 1284 eos.
1319 1252 1323 1259 ·

221 1325 303 1382 Deus
314 1323 462 1382 custodiat
472 1343 521 1381 eos
531 1324 569 1381 ab
582 1324 665 1381 omni
675 1323 770 1383 malo:
794 1324 952 1383 Onstodiat
962 1324 1077 1383 animas
1085 1322 1369 1385 vestrasDominus.

221 1422 370 1480 Dominus
386 1422 544 1479 vobiscum.
588 1423 722 1483 Oremns.
767 1423 877 1482 Oratio.

220 1519 304 1577 Deus
317 1518 481 1589 Abraham,
497 1519 581 1576 Deus
600 1518 695 1591 Isaac,
710 1520 793 1577 Deus
812 1520 916 1591 Jacob,
932 1520 1016 1578 Deus
1033 1520 1173 1577 vivorum
1191 1524 1223 1578 et
1240 1526 1371 1579 mortuo·

157 1635 233 1688 rum,
248 1616 311 1692 ipse
332 1617 494 1692 conjungat
511 1634 565 1674 vos
574 1635 584 1689 ,·
604 1615 785 1693 impleatque
804 1617 954 1675 Dominus
971 1615 1211 1674 benedictionem
1232 1636 1321 1675 suam
1338 1616 1371 1674 in

155 1732 217 1772 vos.
260 1711 320 1769 Per
334 1712 488 1770 Christum
502 1711 667 1769 Dominum
680 1718 827 1772 nostrum.
871 1713 981 1771 Amen.
1189 1776 1192 1781 ,

219 1809 352 1866 Oremus.
396 1807 530 1882 Respice,
548 1808 686 1881 Domine,
702 1809 738 1868 de
757 1809 829 1867 caelo
846 1815 948 1868 sancto
966 1815 1020 1867 tuo
1038 1808 1224 1886 superbene
1244 1829 1370 1869 conven-

156 1905 277 1976 tionem,
303 1909 334 1961 et
357 1904 409 1980 qui
430 1904 539 1962 misisti
564 1912 700 1963 sanctum
725 1906 864 1984 angelum
891 1913 979 1965 tuum
1006 1906 1191 1983 Raphaelem
1213 1906 1317 1966 Tobiae
1339 1914 1370 1966 et

157 2002 236 2059 Sarac
257 2001 325 2058 filiae
346 2001 497 2078 Raguelis,
519 2002 573 2074 ita,
597 2003 735 2077 Domine,
759 2004 847 2062 mitte
868 2002 1153 2084 benedictifflonem
1173 2010 1259 2062 tuam
1279 2022 1369 2082 snper

157 2100 229 2158 istos
243 2100 450 2172 adolescentes,
470 2105 506 2158 ut
524 2101 557 2157 in
576 2106 630 2160 tua
643 2103 800 2161 voluntate
820 2108 1022 2180 permaneant,
1036 2108 1067 2160 et
1085 2102 1119 2160 in
1135 2108 1191 2161 tua
1208 2103 1369 2162 securitate

157 2197 328 2271 consistant,
353 2203 383 2256 et
407 2197 439 2254 in
463 2216 562 2255 amore
583 2202 637 2255 tuo
657 2198 764 2257 vivant
787 2205 818 2257 et
842 2205 994 2258 senescant
1018 2204 1049 2258 et
1069 2199 1312 2276 multiplicentur
1334 2198 1367 2257 in

158 2294 376 2372 longitudinem
390 2295 513 2353 dierum.
556 2294 622 2353 Per.

221 2394 304 2454 Tarae
317 2402 512 2471 asperyaatur
525 2402 551 2452 et
564 2394 794 2452 introducantur
807 2394 842 2453 ia
852 2395 1006 2469 ecelesiam,
1016 2404 1042 2454 ct
1052 2395 1214 2473 prostratis
1226 2394 1290 2454 illis
1299 2403 1367 2454 msto

155 2493 284 2567 yradum
296 2492 422 2563 Altaria,
436 2490 577 2551 Sacerdos
589 2491 625 2549 ia
637 2492 733 2550 eundo
747 2511 814 2550 cum
827 2492 890 2550 sais
903 2491 1050 2551 miraistris
1063 2492 1144 2552 dicct
1158 2491 1337 2552 Psalmam:

218 2587 305 2645 Beati
319 2606 419 2645 omncs
433 2576 486 2662 qui
499 2586 608 2644 timent
622 2587 796 2659 Dominum,
812 2596 838 2646 et
852 2596 943 2646 celcra
957 2587 1098 2666 (cmvii)
1139 2587 1244 2646 Gloria
1257 2587 1351 2646 Patri.

219 2683 453 2760 Kyriceleyson.
481 2682 598 2741 Christe
609 2683 735 2761 eleyson.
764 2684 861 2761 Kyrie
871 2685 998 2762 eleyson.
1026 2684 1118 2743 Pater
1129 2690 1238 2743 noster.
1266 2684 1365 2744 Etne.

219 2780 342 2838 Salvum
350 2781 396 2838 fac
404 2786 618 2839 sertumtuum
626 2788 657 2840 et
665 2782 804 2840 ancillam
812 2788 910 2841 tuam:
925 2783 1008 2841 Deus
1018 2802 1110 2856 meus,
1122 2787 1275 2860 sperantes
1282 2780 1316 2841 in
1323 2788 1363 2842 te.

220 2877 368 2934 Dominus
392 2876 540 2935 custodiat
563 2898 616 2936 vos
639 2881 677 2937 ab
705 2880 787 2939 omni
808 2878 906 2938 malo:
931 2880 1089 2938 Gustodiat
1110 2880 1227 2939 animas
1249 2885 1365 2939 vestras

158 2973 313 3032 Dominus.
1094 2975 1096 2978 ’

214 3071 362 3129 Dominus
380 3071 528 3130 custodiat
544 3072 702 3131 introitum
721 3079 855 3133 vestrum
876 3080 907 3132 et
921 3074 1038 3133 exitum
1052 3079 1207 3134 vestrum:
1235 3074 1286 3132 Ex
1298 3074 1363 3147 hoo,

153 3189 232 3228 nunc
245 3174 276 3226 et
286 3188 380 3245 usque
394 3169 427 3226 in
440 3168 589 3244 saeculum.
1108 3154 1113 3163 ¹

213 3266 361 3325 Dominus
374 3266 534 3325 vobiscum.
578 3267 620 3324 Et
634 3287 702 3325 cum
716 3267 824 3344 spiritu
837 3273 899 3326 tue.
943 3269 1081 3328 Oremus.

212 3364 294 3422 Deus
309 3363 473 3435 Abraham,
484 3363 566 3421 Deus
580 3364 672 3435 Isaac,
685 3363 768 3422 Dens
781 3364 885 3437 Jacob,
896 3365 1020 3423 benedic
1030 3364 1267 3425 adolescentulos
1280 3365 1361 3440 istos,

153 3468 184 3520 et
207 3461 320 3519 semina
341 3480 441 3519 semen
462 3460 533 3519 vitae
561 3467 678 3519 aeternae
701 3461 735 3518 in
762 3462 913 3520 mentibus
940 3481 1052 3535 eorum,
1075 3468 1111 3520 nt
1138 3462 1283 3540 quicquid
1307 3482 1363 3540 pro

150 3558 283 3616 utilitate
294 3577 348 3615 sua
357 3558 524 3632 abdicerint,
535 3558 590 3617 hoc
600 3557 694 3617 facere
708 3558 840 3635 cupiant,
850 3579 903 3636 per
913 3560 935 3618 J
936 3579 1020 3618 esum
1034 3559 1199 3632 Christum,
1210 3579 1363 3638 recupera·

151 3661 246 3712 torem
257 3653 421 3727 hominnm,
430 3653 542 3711 Filium
552 3659 640 3712 tuum
648 3654 843 3731 unigenitum.
868 3655 928 3726 Qui
941 3661 1048 3714 tecum.
1072 3655 1131 3714 Per
1142 3656 1243 3714 omnia
1256 3655 1362 3715 saeculr

156 3752 337 3813 sacculorum.
379 3753 488 3810 Amen.

215 3850 348 3910 Oramus.
371 3847 582 3930 Benedifflcat
590 3855 620 3907 et
629 3850 776 3908 custodiat
784 3871 838 3910 vos
846 3852 930 3910 Deus
940 3851 1040 3927 Pater,
1050 3850 1362 3930 ostendatquefaciem

155 3967 240 4006 suam
266 3947 360 4018 robiS,
383 3952 414 4003 et
437 3945 612 4005 misereatur
638 3947 747 4005 vestm':
777 3953 931 4006 convertat
955 3948 1103 4008 Dominus
1127 3947 1250 4006 vultum
1273 3966 1361 4007 sunm

154 4063 321 4121 supervos,
344 4048 375 4101 et
396 4041 446 4100 det
466 4041 551 4101 vobis
571 4061 671 4118 pacem
682 4061 691 4115 3
714 4043 896 4120 impleatque
922 4064 975 4102 vos
1002 4045 1025 4103 J
1026 4064 1092 4103 esus
1119 4043 1260 4103 Christus
1279 4042 1361 4103 omni

154 4137 408 4215 bencfflrlictiono
421 4138 548 4214 spiritali
561 4139 805 4197 inremissionem
819 4141 952 4199 omnium
966 4147 1163 4218 peccatorum,
1175 4145 1212 4198 ut
1225 4140 1360 4199 habeatis

154 4235 249 4291 vitam
263 4240 404 4292 aeternam
420 4231 462 4313 [et
476 4232 729 4316 vivatis-MSS]
744 4235 896 4294 insaecula
910 4238 1092 4296 saeculorum.
1135 4236 1248 4295 Amen.

195 4329 329 4388 Oremus
352 4329 508 4389 Benedicti
517 4330 748 4404 sitisaDomino,
756 4333 808 4409 qui
818 4337 929 4392 amavit
938 4335 1084 4392 mundum
1093 4353 1132 4392 ex
1142 4333 1253 4408 nmil03
1267 4332 1358 4411 quiin

153 4425 300 4485 Trinitate
308 4428 436 4504 perfecta
442 4427 518 4486 tivit
527 4434 557 4487 ct
564 4431 756 4506 regnatDeus
763 4449 817 4508 per
825 4432 925 4490 omnia
934 4433 1040 4491 saeonla
1049 4431 1231 4491 saeculorum
1247 4431 1355 4491 Amen.
