2866 4846
1410 286 1419 353 l

167 332 249 395 136·
604 324 747 390 Ordines
760 323 942 410 Baptismi.

228 493 288 550 Hic
303 500 438 568 portatur
458 509 554 549 cereus
568 488 602 547 iu
615 509 696 564 eque
714 489 748 548 ire
766 490 887 549 modum
907 490 1012 565 crucis,
1029 491 1228 568 insufflando
1242 495 1278 554 iu
1290 515 1378 575 uuam

167 582 194 632 et
208 574 252 631 ito
266 573 407 630 diceudo:

229 653 397 710 Descendat
411 652 442 707 in
456 651 533 707 hanc
546 650 763 726 plenitudinem
777 669 867 725 usque
880 651 1026 726 adfinem
1041 651 1259 728 Praefatioru's.

229 735 313 790 'l'uuc
326 741 446 807 spurpct
463 730 604 788 Sacerdos
617 731 652 787 de
665 731 732 805 ipso
752 751 832 806 oque
850 751 938 806 super
945 732 1109 808 populum,
1127 742 1157 792 et
1178 736 1327 813 acceperut
1336 737 1376 813 qul

166 812 311 872 coluerint
322 814 356 869 iu
370 812 495 868 vasculis
508 811 550 867 od
562 812 760 886 sporqcudum
768 830 824 885 per
836 810 942 869 domos

227 894 304 950 Inde
318 893 455 949 mittetur
465 891 592 949 chrisme
605 891 766 966 insontem
780 892 814 948 r‘u
830 892 924 949 mucis
936 892 1072 967 modum,
1084 893 1206 955 dicente
1219 895 1373 957 Sacerdote:

227 973 407 1047 Conjunctio
420 971 478 1028 olei
492 972 641 1028 unctionis
655 977 686 1027 et
700 990 783 1046 aquae
797 971 992 1046 baptismatis

226 1051 247 1108 I
247 1063 309 1109 teor.
353 1053 426 1127 Conj
431 1052 531 1108 unctio
542 1051 708 1108 chrismatis
718 1050 959 1109 sanctificationis
972 1057 1004 1109 et
1015 1051 1078 1110 olei
1087 1055 1249 1115 unctionis
1263 1062 1293 1115 et
1304 1076 1371 1134 aque

166 1131 358 1208 baptismatis

225 1213 285 1269 Ilis
303 1212 428 1287 expletis,
449 1220 591 1284 toupctur
608 1210 737 1285 inferetis
752 1220 855 1287 pectus
873 1220 899 1269 et
916 1210 993 1269 iuter
1012 1213 1161 1288 scapulos
1180 1217 1218 1274 de
1232 1217 1290 1276 oleo
1307 1236 1368 1279 eerr-

165 1292 264 1361 cr'zoto,
281 1292 538 1365 crucerusacieudo
553 1312 620 1349 cum
628 1292 741 1366 pollice,
756 1301 782 1351 et
796 1293 895 1350 dicut:
916 1292 1133 1352 Abrenuntias
1149 1295 1290 1357 Satanael

225 1373 310 1446 Bcsp.
353 1371 553 1428 Abrenuutio

224 1453 373 1510 Sacerdos.
418 1452 459 1508 Et
472 1452 609 1508 omnibus
623 1451 760 1527 operibus
774 1452 856 1527 ejusl

225 1533 309 1607 Hesp.
352 1532 552 1588 Abrenuntio.

223 1612 369 1670 Sacerdos.
414 1612 456 1668 Et
469 1612 606 1668 omnibus
621 1611 736 1687 pompis
750 1612 832 1688 ejusl

223 1692 307 1766 Resp.
351 1691 551 1750 Abrenuntio.

222 1772 256 1828 H
258 1774 282 1830 is
296 1773 420 1848 expletis,
432 1773 571 1846 procedet
584 1770 725 1829 Sacerdos
738 1771 900 1846 odsouteur
913 1780 940 1829 et
953 1771 1056 1831 dicat:

223 1852 264 1908 Et
279 1873 330 1928 ego
345 1861 375 1910 te
389 1853 462 1909 linio
476 1853 540 1908 oleo
554 1851 658 1908 salutis
678 1853 711 1907 in
732 1852 850 1908 Christo
870 1852 945 1909 Jesu
967 1853 1101 1911 Domino
1116 1860 1223 1914 nostro
1237 1856 1357 1914 invitum

161 1937 309 1989 ceternsm.
354 1935 422 2004 Exi,
437 1932 590 1988 immunde
604 1932 734 2006 spiritus,
751 1938 782 1989 et
796 1932 834 1989 da
848 1931 946 1989 locum
966 1931 1096 2008 Spiritui
1117 1934 1240 1997 Sancto.
1282 1937 1356 2013 Fuge,
1407 1958 1422 1999 ‘s

161 2012 312 2070 immunde
327 2015 457 2089 spirituS,
473 2019 503 2068 et
517 2013 555 2068 da
568 2011 709 2068 honorem
724 2012 788 2069 Deo
802 2013 871 2071 vivo
885 2017 915 2069 et
928 2031 1007 2071 vero.
1401 2010 1412 2135 1

128 2163 130 2167 .
221 2092 411 2167 Symbolum:
1402 2142 1406 2151 .

220 2174 322 2230 Credis
336 2174 368 2229 in
383 2174 482 2230 Deum
495 2172 618 2229 Patrem
632 2171 875 2248 omnipotentem,
890 2179 1054 2232 creatorem
1068 2174 1136 2232 caeli
1149 2181 1183 2235 et
1198 2179 1302 2237 terrael

220 2252 305 2328 Resp.
349 2254 451 2311 Credo.

218 2331 432 2408 Beterropetur.
476 2333 578 2392 Credis
592 2333 668 2393 etin
683 2333 798 2407 desum,
814 2342 840 2392 el
853 2342 944 2392 cetero
957 2343 991 2391 ut
1005 2353 1107 2410 supro,
1122 2355 1153 2413 p.
1173 2337 1220 2397 16.

218 2412 303 2488 Resp.
350 2415 451 2472 Crede.

217 2491 429 2570 Irrterropotur.
474 2493 578 2552 Credis
600 2500 630 2552 et
654 2495 686 2551 in
711 2494 858 2571 Spiritum
882 2494 1035 2569 Sanctum,
1056 2503 1084 2553 et
1106 2505 1204 2556 cetera
1224 2507 1261 2558 ut
1281 2518 1362 2576 supro

157 2572 270 2631 ibidem.
1413 2576 1416 2581 ’

218 2654 302 2728 Besp.
347 2654 448 2712 Credo.

217 2735 331 2792 Deiude
346 2736 424 2792 dicet
438 2736 599 2794 Sacerdos:
621 2735 700 2804 Quid
715 2735 811 2811 petisl

220 2815 305 2889 Resp.
349 2816 544 2891 Baptismum.

218 2894 430 2970 Iuterropetur.
475 2896 532 2954 Vis
546 2896 709 2972 baptizeril

218 2976 303 3050 Resp.
347 2977 428 3035 Volo

216 3054 375 3114 Sacerdos:
396 3057 437 3112 Et
451 3077 503 3132 ego
517 3062 548 3113 te
561 3056 678 3133 baptizo
692 3055 725 3114 in
737 3056 858 3115 nomine
875 3056 987 3130 'Patris
1002 3064 1029 3115 et
1042 3066 1158 3133 merpat
1166 3081 1181 3130 ;
1203 3065 1236 3118 et
1249 3061 1331 3135 Filii,
1344 3071 1366 3120 et

157 3145 287 3208 urerpat,·
309 3143 339 3191 et
354 3136 483 3211 Spiritus
498 3138 606 3205 Sancti,
624 3146 649 3194 et
662 3146 780 3212 urerput.

219 3215 350 3289 Cumque
384 3219 541 3274 surrexerit
570 3239 589 3274 o
613 3217 709 3291 scuto,
736 3217 838 3292 faciut
871 3216 1024 3292 Presbyter
1056 3218 1181 3292 siquem
1213 3222 1310 3283 meeis
1335 3223 1365 3281 de

156 3293 309 3352 chrismare
324 3317 389 3352 curu
398 3299 503 3372 pollice
517 3300 550 3354 r'u
564 3299 665 3356 uertice
679 3298 748 3372 ejus,
764 3299 861 3356 dicore
874 3298 951 3356 darec
966 3298 1153 3358 Orationem:
1418 3332 1429 3341 -

217 3377 300 3433 Deus
314 3379 509 3453 omnipotens,
527 3388 552 3436 et
566 3388 657 3437 cetero
670 3387 704 3436 ut
717 3399 817 3454 supro,
834 3399 860 3455 p.
881 3379 925 3440 17.

215 3456 251 3514 H
251 3458 276 3514 ic
291 3458 419 3515 mittitur
433 3459 584 3517 chrismale
597 3479 683 3535 super
697 3468 784 3534 ceput
795 3459 865 3533 ejus,
882 3467 908 3517 et
922 3457 1055 3516 dicitur:

214 3539 327 3614 Accipe
340 3545 453 3596 vestem
467 3540 631 3613 candidam,
646 3549 672 3597 et
686 3549 777 3598 cetero
790 3549 825 3597 ut
838 3560 930 3614 supro
943 3539 1057 3596 ibidem.

214 3618 298 3676 Iteor.

213 3699 305 3772 DeuS,
318 3720 388 3756 vera
402 3700 454 3757 lux
469 3700 612 3771 omnium,
623 3700 645 3757 J
646 3720 697 3757 esu
713 3699 839 3772 Christe,
851 3699 917 3756 fons
930 3698 1063 3772 luminis,
1074 3700 1128 3775 qui
1138 3699 1223 3761 hunc
1237 3722 1355 3762 cereum.

214 3779 286 3838 Post
313 3781 389 3837 doru
420 3782 640 3839 benedictionem
669 3790 804 3856 porcator
831 3799 926 3839 cereus
952 3780 987 3836 iu
1013 3799 1139 3837 ossuum
1167 3781 1313 3860 baptizali
1336 3792 1358 3841 cl

153 3858 271 3917 dicotur
280 3882 289 3916 :
309 3861 421 3936 Accipe
435 3861 601 3937 lampadem
614 3860 776 3932 ardentem,
792 3869 818 3918 et
832 3869 923 3918 cetere
937 3868 1077 3934 utsupra
1089 3860 1210 3922 ibidem.
1425 3922 1429 3927 ,

212 3940 353 4014 Sequitur
369 3942 477 3998 Oratio,
520 3942 637 3998 Auctor
651 3942 724 3998 lueis
738 3947 769 3998 et
784 3946 988 3998 remuneretur
1000 3940 1143 3998 fidelium.
1414 3932 1425 4015 Ἰ

218 4020 343 4078 Vestitur
356 4022 462 4096 {offeres
475 4022 649 4079 vestimentis
662 4022 731 4080 suis.

211 4099 247 4158 Si
259 4121 324 4158 vero
338 4103 502 4177 Episcopus
522 4103 727 4173 edoctorum
747 4101 919 4176 confirmari
938 4107 1047 4175 oportet
1067 4120 1135 4159 eum
1154 4101 1319 4174 chrismate,
1333 4112 1355 4161 et

144 4189 246 4254 posteo
268 4182 489 4240 coouuuuicore.
532 4182 567 4241 Si
591 4183 754 4259 Episcopus
780 4184 864 4255 deest,
890 4180 1118 4240 comoeuus'cetur
1142 4201 1163 4240 a
1188 4183 1353 4261 Presbvflero

149 4262 193 4318 ito
207 4262 317 4319 diceute
329 4282 338 4320 :

211 4341 324 4416 Corpus
338 4348 369 4400 et
383 4343 501 4419 sanguis
518 4343 639 4401 Domini
661 4343 757 4402 nostri
776 4343 798 4402 J
800 4363 851 4401 esu
873 4341 985 4400 Christi
1004 4340 1155 4400 custodiat
1167 4347 1202 4401 te
1214 4343 1251 4402 in
1264 4344 1352 4402 vilem

147 4426 296 4479 aetcrnsm.
340 4424 448 4482 Amen.
