2850 4800
196 290 256 352 32*
540 282 707 348 Manuale
721 282 768 349 ad
781 304 885 349 asan
899 283 1040 351 Soram.

255 451 368 509 Deinde
383 450 482 507 trceelat
496 449 523 507 ei
536 448 674 508 Sacerdos
687 449 823 507 baculam
837 448 953 508 dicens:

255 532 367 607 Accipe
380 531 459 588 hunc
478 530 617 587 baculum
638 530 675 587 ad
689 530 744 588 hoc
764 530 898 587 duellum
910 535 1118 606 praeparatum,
1139 550 1211 589 eum
1224 550 1286 608 quo
1305 531 1393 589 valeas

195 612 253 669 tibi
268 611 461 670 rebellantem
479 616 663 686 prosternere
684 616 716 667 et
732 616 935 687 resurgentem
952 616 1113 683 conterere,
1126 608 1301 688 habeasque
1312 613 1393 670 victe

195 693 278 750 riam.
323 692 363 748 In
377 692 496 748 nomine
510 691 618 762 Patris,
634 700 661 747 et
675 699 772 748 cetera.

256 772 370 829 Deinde
394 780 490 828 tenens
517 779 712 846 propinaturus
735 779 849 828 sentam
878 780 905 829 et
933 770 1068 829 bacolan
1091 772 1202 831 iternrn
1227 774 1390 849 qennjlsctat

196 872 294 911 carane
307 851 415 923 Altari,
432 852 541 908 dicente
553 870 640 927 snper
654 871 719 908 enm
737 851 909 910 Sacerdote:

257 933 404 989 Dominus
417 932 570 988 vobiscum
583 941 609 989 et
624 930 756 989 Oramus
806 931 917 990 Oratio.

257 1012 446 1072 Oonfortator
459 1018 489 1069 et
502 1011 713 1084 corroborator,
728 1019 754 1069 et
768 1020 858 1069 cetera
870 1021 905 1069 nt
919 1032 1019 1088 snpra,
1033 1032 1061 1088 p.
1078 1011 1144 1071 107.

256 1093 370 1151 Deinde
383 1092 529 1162 Senerdos,
544 1092 622 1148 dans
634 1092 661 1149 ei
674 1091 904 1165 benedictionem,
918 1092 997 1151 dicat
1006 1092 1057 1151 lroc
1070 1094 1179 1151 neoda:

256 1173 430 1230 confortare
444 1179 475 1229 et
488 1179 551 1229 esto
567 1172 714 1243 robustus,
729 1181 755 1229 et
768 1181 868 1231 cetera.

257 1252 466 1331 Beneffldicat
482 1259 513 1309 te
530 1253 613 1309 Deus
630 1252 726 1310 Pater.
770 1253 877 1312 Amen.
922 1252 1076 1311 Custodiat
1096 1257 1127 1310 te
1146 1253 1170 1311 J
1171 1272 1240 1311 esus
1255 1253 1385 1311 Christus

196 1334 303 1390 Amen.
348 1333 502 1390 Oonfortet
516 1338 546 1389 te
560 1332 689 1409 Spiritus
703 1332 836 1392 Sanctus.
879 1332 987 1391 Amen.

256 1413 383 1471 Praestet
403 1413 461 1469 tibi
474 1413 629 1470 victoriam
643 1413 740 1470 trinus
754 1420 799 1471 est
816 1433 894 1470 unus
915 1414 1005 1483 Deus,
1019 1413 1071 1488 qui
1085 1412 1164 1471 vivit
1177 1421 1209 1471 et
1228 1420 1335 1491 regnat
1346 1432 1386 1490 per

196 1494 295 1551 omnia
308 1493 414 1551 saeculn
427 1494 609 1550 saecularum.
652 1494 759 1550 Amen.

255 1573 368 1631 Deinde
382 1582 515 1648 asperpat
528 1572 667 1631 Sacerdos
681 1593 748 1631 earn
761 1594 842 1648 aqna
855 1573 1009 1646 benedicta,
1020 1580 1045 1631 et
1056 1573 1100 1631 ita
1109 1575 1224 1633 recedat
1237 1575 1273 1633 in
1285 1574 1387 1633 nonin

196 1653 330 1711 Domine.

371 1825 633 1883 BENEDICTIO
656 1826 898 1885 OOULORUM
918 1826 1221 1885 INFIRMORUM.

256 1973 421 2030 Benedictio
435 1973 584 2030 ocrdornrn
598 1973 792 2046 infirmorum,
802 1981 896 2049 potest
902 1973 973 2048 fieri
987 1975 1021 2031 in
1030 1973 1110 2030 banc
1124 1975 1256 2047 rreodnne,
1271 1975 1300 2032 si
1311 1992 1389 2033 neas·

194 2054 267 2111 sitas
280 2054 404 2110 ineincat
417 2061 443 2109 ct
456 2053 565 2109 devotio
580 2053 708 2127 ealicnjns
721 2052 805 2110 illam
818 2055 958 2128 deposeat.

255 2133 402 2208 Inprimis
424 2136 594 2207 pereeptectat
614 2133 752 2207 indrnnes
772 2154 869 2191 coram
882 2133 989 2192 Alteri.
1030 2135 1145 2194 Deinde
1159 2136 1242 2194 dicat
1262 2134 1392 2195 Sacerdos

196 2214 342 2272 Dominus
357 2214 507 2270 vobiscum
522 2220 547 2270 et
562 2213 695 2270 Oremus
741 2213 850 2272 Oratio.

256 2295 393 2365 Domine,
408 2294 430 2351 J
432 2314 482 2350 esu
504 2293 629 2365 Christe,
645 2293 697 2369 qui
717 2295 860 2370 aperuisti
880 2295 995 2352 occulos
1013 2295 1082 2353 caeci
1102 2295 1176 2367 nati,
1192 2315 1299 2356 serena
1311 2296 1393 2371 hujus

194 2374 299 2431 famuli
312 2375 358 2431 tui
372 2375 493 2445 occulos,
510 2374 583 2430 dans
597 2375 630 2429 in
644 2375 685 2430 eis
699 2375 796 2431 visum
810 2376 1014 2451 perspicacem,
1029 2376 1236 2448 sufficientem,
1250 2378 1393 2447 idoneum,

195 2461 409 2530 competentem
428 2455 460 2510 in
475 2454 648 2528 obsequium
662 2460 756 2528 tuum,
777 2475 830 2531 per
843 2456 987 2513 virtutem
1004 2456 1092 2533 hujus
1105 2458 1289 2515 sacramenti
1306 2462 1337 2515 et
1348 2475 1395 2534 per

195 2535 313 2612 signum
327 2540 435 2592 sanctae
449 2535 544 2591 crucis
557 2539 625 2591 tuae.

255 2616 315 2672 Hic
325 2617 416 2689 sipnet
426 2613 565 2672 Sacerdos
576 2615 671 2673 ocnlos
680 2615 796 2690 irpirnci
806 2616 888 2691 sipno
898 2625 1005 2674 sancta
1014 2617 1108 2675 erneis
1116 2636 1183 2675 cnm
1192 2618 1395 2694 corporalitas,

196 2705 221 2754 et
235 2716 301 2754 enne
314 2697 418 2753 eisdern
431 2694 545 2752 ventilet
558 2694 592 2750 in
606 2694 696 2752 ocnlis
710 2695 772 2771 ejas
785 2696 904 2755 dicens:

256 2777 427 2834 innomine
441 2775 540 2832 Patris
554 2780 585 2831 et
599 2775 670 2830 Filii
684 2781 714 2834 et
729 2776 857 2852 Spiritus
871 2776 981 2834 Sancti.
1025 2776 1132 2834 Amen.

573 3000 833 3059 BENEDIOTIO
855 3000 1022 3058 news*

257 3143 334 3202 Cam
348 3144 496 3200 Dominus
505 3145 656 3202 vobiscum
672 3154 697 3202 et
711 3164 778 3202 enne
792 3144 924 3201 Oramus.
970 3142 1079 3202 Oratis.

256 3225 347 3295 Deus,
373 3225 457 3299 cujus
481 3225 668 3299 providentia
697 3225 837 3281 universa
863 3230 1008 3299 reguntur
1035 3230 1066 3280 et
1092 3232 1320 3300 conservantur,
1348 3226 1397 3303 qui

195 3305 355 3363 dominaris
376 3305 516 3380 potestati
536 3306 626 3362 maris
650 3311 680 3362 et
698 3305 816 3380 mitigas
833 3310 948 3360 motum
971 3305 1116 3361 fluctuum
1137 3305 1201 3380 ejus
1213 3324 1221 3377 3
1250 3306 1314 3376 Qui
1334 3308 1396 3364 Noe

194 3385 305 3443 famulo
317 3391 378 3455 tue,
391 3404 429 3441 ne
439 3405 531 3460 genus
540 3385 703 3442 humanum
714 3385 824 3460 periret
833 3385 866 3440 in
876 3384 988 3441 diluvio
996 3403 1095 3441 arcam
1105 3385 1201 3442 facere
1211 3387 1396 3463 praecepisti,

195 3467 247 3543 qui
267 3465 364 3522 ventis
385 3471 415 3522 et
439 3466 661 3540 tempestalibus
681 3465 816 3541 imperas
843 3471 874 3521 et
895 3465 1055 3536 obediunt3
1089 3465 1143 3541 qui
1163 3465 1293 3524 Petrum
1312 3486 1397 3545 super

194 3566 285 3622 aquas
310 3546 399 3602 maris
437 3546 646 3616 ambulantem,
675 3565 712 3601 ne
747 3551 937 3620 mergeretur,
967 3544 1090 3602 erexisti
1101 3565 1110 3617 ;
1130 3551 1222 3618 tuam,
1259 3547 1394 3616 Domine,

195 3627 381 3684 elementiam
405 3628 514 3684 obnixe
536 3626 664 3702 petimus
691 3631 722 3682 et
748 3625 903 3683 humiliter
926 3625 1126 3700 imploramus,
1155 3626 1302 3701 quatinus
1322 3628 1394 3685 hanc

193 3707 361 3765 naviculam
383 3728 435 3783 por
458 3707 602 3763 virtutem
625 3710 733 3762 sanctae
756 3706 851 3762 crucis
873 3711 904 3763 et
927 3725 980 3781 per
1001 3705 1243 3763 intercessionem
1265 3707 1394 3785 gloriosa

195 3808 309 3865 sempor
331 3788 466 3863 Virginis
489 3793 519 3843 et
542 3787 675 3843 omnium
702 3791 871 3843 sanctorum
899 3792 1021 3843 tuorum
1043 3792 1097 3843 tua
1119 3786 1245 3844 dextera
1269 3787 1395 3865 digneris

194 3868 422 3947 beneffldicere,
438 3886 597 3942 omnesque
617 3866 739 3923 insidias
758 3866 890 3922 hostium
909 3866 1074 3922 visibilium
1095 3871 1126 3923 et
1144 3865 1347 3925 invisibilium
1359 3866 1393 3925 ab

194 3969 228 4005 ea
248 3949 447 4024 repellerent
467 3948 499 4004 in
518 3967 552 4004 ca
573 3947 627 4004 sub
647 3952 701 4003 tua
721 3946 902 4021 protectione
922 3947 1097 4021 navigantes
1116 3946 1209 4003 nullis
1228 3947 1395 4006 illudantur

193 4029 459 4104 phantasmatibus,
478 4028 569 4084 nullis
587 4026 764 4102 dejiciantur
781 4025 919 4083 adversis.
983 4026 1054 4083 Non
1068 4045 1117 4083 eos
1130 4046 1241 4103 vorago
1254 4027 1394 4086 terribilis

194 4110 317 4180 sorbeat,
342 4128 403 4164 non
424 4113 583 4182 tempestas
606 4107 747 4182 impellat,
776 4125 837 4163 non
863 4106 982 4182 frangat
1008 4106 1155 4182 scopulus,
1183 4126 1246 4164 non
1274 4108 1394 4165 invadat

194 4188 395 4260 adversarius,
417 4190 467 4245 sed
478 4188 622 4244 rmiversis
636 4187 769 4262 expediti
789 4186 952 4244 terroribus
964 4205 1074 4244 nomen
1094 4192 1181 4244 tuum
1194 4187 1393 4247 collaudantes

548 4377 564 4407 s
579 4378 651 4435 This
664 4378 741 4436 form
754 4378 779 4436 is
792 4384 846 4436 not
859 4378 893 4434 in
906 4378 958 4436 the
972 4378 1036 4437 MS.
