2866 4846
182 326 262 393 102*
535 322 762 389 Mirrtcmlcod
776 344 881 388 acum
895 322 1034 391 Samma.

179 511 285 569 corpus
303 490 362 550 Dei
380 496 411 549 et
432 491 556 549 Domini
578 490 673 549 nostri
692 490 768 549 Jesu
791 488 903 548 chrisa
923 488 998 547 Filii
1017 486 1067 549 tui
1090 488 1227 569 dignum
1250 486 1393 553 efficiatur.

180 572 386 631 Pcrcundem.

242 653 375 710 Orcmus.
421 652 531 710 Oratio.

240 733 323 791 Deus
343 732 395 808 qui
416 752 469 809 pro
489 732 612 789 humani
632 730 748 808 generis
767 730 932 790 salvatione
947 730 1076 789 verbum
1096 750 1171 791 caro
1185 732 1292 793 factus
1310 754 1351 808 as,
1370 740 1396 793 ct

179 812 313 871 habitare
326 818 408 870 totus
422 814 455 869 in
476 812 561 870 nobis
574 832 636 870 non
653 812 830 887 dedignatus
844 832 895 871 es:
914 810 1025 889 quique
1046 812 1200 871 traditori
1213 820 1273 873 tuo
1292 814 1396 893 perfido

179 894 312 951 osculum
326 893 409 969 pium
423 893 540 965 dedisti,
555 893 627 950 dum
640 912 694 969 pro
704 894 769 949 vita
782 893 916 950 omnium
928 892 996 969 pius
1009 894 1140 951 mactari
1153 894 1299 970 voluisti,
1314 902 1396 973 atquc

179 973 302 1031 sindone
326 974 404 1032 lineo
431 980 517 1031 texto
544 979 574 1030 tc
599 973 713 1030 involvi
739 973 919 1049 permisisti,
939 971 1052 1049 respice
1076 974 1240 1051 propitius
1267 976 1309 1035 ad
1334 983 1397 1035 vota

178 1060 289 1126 nostra,
318 1054 370 1130 qui
397 1061 451 1111 tua
484 1053 612 1111 fideliter
639 1053 816 1111 charismata
849 1053 989 1130 amplecti
1015 1054 1181 1131 cupimus:
1219 1076 1394 1135 quaesumus,

180 1134 317 1206 Domine,
352 1132 589 1213 sanctifflficare,
615 1131 834 1212 bencffldiccrc
871 1140 902 1192 et
929 1132 1152 1213 consefflcrarc
1182 1136 1324 1214 digneris
1348 1138 1395 1195 hcc

179 1215 328 1291 corporale
352 1215 384 1271 iu
407 1234 495 1271 usum
519 1213 622 1271 altaris
645 1215 709 1272 tui:
731 1214 769 1271 ad
792 1214 1022 1273 consecrandum
1045 1234 1141 1291 super
1167 1216 1255 1275 illud
1279 1217 1344 1277 sive
1363 1216 1394 1275 sd

178 1296 338 1371 tegendum
365 1295 637 1370 involvendumque
661 1301 879 1352 sacrosanctum
903 1312 1008 1371 corpus
1036 1301 1067 1352 et
1095 1298 1288 1375 sanguinem
1307 1303 1392 1371 tuum,

179 1375 308 1432 Domine
321 1374 396 1432 Jcsu
411 1375 548 1434 Christe:
569 1375 726 1451 dignisque
746 1381 848 1452 parcat
867 1375 1069 1447 famulatibus,
1087 1382 1126 1433 ut
1146 1378 1304 1455 quicquid
1323 1398 1393 1437 sacro

179 1454 241 1512 ritu
265 1475 352 1531 super·
375 1455 667 1528 hoc'immolabitur,
693 1456 770 1513 sicut
794 1454 1012 1513 Melchisedech
1035 1454 1178 1515 oblatum
1204 1460 1328 1537 placeat
1345 1458 1391 1517 tibi
1429 1480 1432 1487 ·

178 1534 401 1594 holocaustum:
422 1541 453 1593 et
467 1536 600 1593 obtineat
619 1556 673 1612 per
685 1536 741 1593 hoc
760 1536 916 1612 praemium
930 1536 1102 1613 quicrmque
1116 1537 1276 1598 obtulerit
1289 1548 1390 1599 votum

178 1614 220 1673 Te
234 1635 350 1692 quoque
363 1616 518 1673 humiliter
537 1636 674 1693 rogamus
687 1637 721 1674 ac
734 1617 873 1693 petimus,
887 1622 924 1673 ut
943 1616 998 1674 hoc
1011 1618 1169 1693 corporale
1190 1624 1259 1678 tuae
1273 1620 1390 1679 sanctifi·

178 1696 302 1755 cationis
323 1698 459 1754 ubertate
472 1716 525 1773 per
539 1698 642 1755 Sancti
662 1697 792 1774 Spiritus
804 1697 931 1773 gratiam
945 1696 1081 1773 purifices
1095 1704 1129 1755 et
1149 1702 1336 1773 sanctifices,
1349 1698 1392 1778 qui

177 1782 209 1835 te
222 1797 276 1853 pro
289 1778 375 1835 nobis
389 1778 525 1835 omnibus
539 1778 643 1835 offerre
663 1778 839 1835 sacrificium
852 1777 994 1849 voluistiJ
1015 1783 1046 1835 et
1059 1784 1174 1854 praesta
1188 1786 1230 1839 ut
1244 1801 1336 1859 super
1346 1782 1393 1839 hoc

178 1856 240 1915 siut
263 1857 320 1915 tibi
333 1858 487 1935 [libamina
510 1864 628 1934 accepta
642 1858 705 1915 sive
729 1864 821 1933 grata,
847 1858 909 1915 siut
931 1858 1062 1935 pinguia,
1077 1865 1110 1916 et
1135 1860 1279 1939 Spiritus
1300 1862 1392 1921 Sancti

176 1957 242 1996 rore
256 1938 383 2014 perfusa,
400 1939 538 1997 Salvator
551 1938 664 2009 mundi,
680 1938 741 2008 Qui
754 1938 839 1995 vivis.

240 2020 373 2079 Oramus.
418 2019 528 2077 Oratio.

239 2098 329 2172 Deus,
346 2101 398 2175 qui
411 2100 501 2176 digno
514 2098 571 2156 tibi
591 2098 787 2157 servientium
810 2118 864 2157 nos
886 2098 999 2157 imitari
1019 2098 1174 2160 desideras
1195 2102 1392 2175 famulatum
1429 2112 1431 2123 '

176 2180 286 2255 respice
313 2180 459 2256 propitius
486 2180 525 2236 ad
549 2179 729 2237 humilitatis
753 2186 861 2237 nostra
885 2180 1069 2251 servitutem,
1095 2184 1129 2238 at
1157 2180 1220 2241 hoc
1248 2184 1392 2263 corporale

176 2259 365 2317 nominituo
390 2260 567 2333 dedicatum,
588 2267 619 2317 et
642 2260 797 2318 servitutis
820 2266 880 2318 tuae
901 2260 1005 2318 usibus
1026 2267 1246 2339 praeparatum,
1275 2266 1392 2324 caelestis

175 2341 299 2397 virtutis
322 2340 534 2412 benedictione,
556 2339 753 2420 sanctiffifica,
777 2339 941 2420 purifflfica
961 2346 992 2399 et
1011 2338 1217 2435 cousevxac1a3
1249 2352 1392 2424 quatenus

176 2440 264 2496 super
277 2421 353 2478 illud
367 2422 496 2497 Spiritus
512 2422 638 2479 Sanctus
652 2427 722 2479 tuus
737 2421 903 2493 descendat,
919 2420 1016 2498 quiet
1033 2420 1205 2482 oblationes
1225 2427 1335 2503 populi
1351 2426 1392 2485 tui

175 2501 338 2575 benedicat,
363 2509 393 2559 et
420 2502 508 2559 corda
532 2502 594 2560 sive
618 2521 739 2579 corpora
767 2502 950 2559 sumentium
975 2501 1123 2579 benignus
1151 2505 1283 2566 reliciat.
1340 2508 1393 2566 Per

178 2581 342 2640 Dominum
356 2589 498 2640 nostrum.

566 2765 758 2822 annmcno
779 2778 993 2823 runcumaun.

235 2909 318 2966 Deus
331 2907 465 2964 omnium
485 2905 724 2963 benedictionum
744 2905 845 2980 largus
863 2905 986 2976 infusor,
1001 2922 1036 2961 ac
1049 2902 1148 2962 omnis
1161 2904 1255 2965 bonae
1269 2906 1392 2968 actionis

174 2990 342 3066 inspirator,
368 2988 421 3063 qui
447 2987 547 3044 omnia
575 2985 759 3044 tabernaculi
786 2985 902 3043 foedcris
930 2989 1105 3042 ornamenta
1129 2984 1170 3043 ad
1197 2986 1392 3048 devotionem

173 3070 277 3147 populi
297 3075 350 3125 tuo
371 3087 420 3125 ore
440 3067 559 3144 proprio
578 3067 644 3124 fieri
663 3065 848 3143 praecepisti;
868 3073 899 3123 te
914 3065 1022 3123 humili
1038 3083 1123 3141 prece
1140 3064 1345 3143 deposcimus,
1358 3074 1391 3126 ut

173 3150 235 3207 haec
249 3148 366 3206 oracula
379 3147 441 3204 sive
453 3146 585 3223 precaria
605 3148 772 3204 sanctitatis
793 3146 916 3223 effigiem
937 3145 1163 3223 praetendentia,
1177 3154 1211 3205 et
1231 3148 1275 3207 nd
1287 3149 1391 3209 devote

174 3230 319 3290 orandum
332 3227 532 3285 beatissimam
553 3227 699 3303 virginem
720 3228 848 3285 Mariam
868 3227 926 3285 Dei
945 3226 1123 3304 genetricem
1137 3226 1296 3305 adaptata,
1311 3228 1391 3289 etad

173 3310 359 3389 psallendum
386 3307 517 3383 ejusdem
544 3308 735 3366 sanctissimae
761 3307 886 3384 virginis
911 3306 1085 3384 psalterium
1108 3306 1249 3367 coniecta
1269 3318 1303 3369 et
1321 3328 1390 3387 pru·

174 3396 287 3469 parata,
312 3389 364 3446 illa
385 3387 588 3446 benedictione
610 3389 770 3465 perdundae
790 3395 821 3446 et
842 3386 1006 3462 benedicas,
1021 3406 1081 3465 qua
1101 3386 1176 3445 olim
1198 3406 1258 3465 per
1285 3408 1389 3449 manus

174 3472 360 3530 sacerdotum
372 3469 512 3526 utensilia
525 3469 708 3527 tabernaculi
721 3468 885 3546 perfudisti
929 3469 971 3526 Et
984 3466 1109 3527 concede
1118 3473 1154 3524 ut
1168 3470 1346 3548 quicumque
1357 3470 1388 3527 iu

173 3552 221 3611 his
248 3551 374 3610 oraculis
401 3551 463 3608 sive
483 3550 622 3627 precariis
642 3551 737 3626 ipsam
763 3548 1002 3627 gloriosissimam
1028 3547 1177 3625 virginem
1211 3550 1388 3629 suppliciter

174 3633 318 3692 honorare
331 3631 509 3704 studuerint,
524 3636 577 3688 aut
590 3631 623 3688 in
636 3630 683 3689 his
696 3649 872 3708 quocunque
885 3630 948 3689 loco
962 3648 1061 3687 coram
1073 3647 1128 3687 sua
1139 3628 1277 3707 imagine
1290 3648 1387 3709 preces

175 3715 325 3773 effundere
353 3712 545 3785 decreverint,
556 3718 609 3769 aut
625 3713 689 3787 ejus
702 3710 900 3788 patrocinium
910 3708 1136 3786 postulaverint,
1150 3707 1236 3769 illius
1250 3712 1385 3789 precibus

174 3803 205 3855 et
227 3797 362 3868 obtenta,
390 3793 516 3871 gratiam
543 3799 573 3850 ct
599 3793 724 3869 gloriam
746 3798 949 3849 consummato
976 3791 1046 3849 vitae
1073 3789 1229 3866 presentis
1257 3792 1385 3851 termino

174 3877 338 3948 obtineant,
373 3882 404 3933 et
437 3880 497 3932 tuae
531 3872 750 3950 propitiationis
783 3871 1001 3949 indulgentiam
1034 3876 1266 3947 consequantur.
1329 3872 1386 3931 Per

175 3958 339 4015 Dominum
352 3962 488 4013 nostrum
500 3954 523 4012 J
524 3974 607 4012 esum
621 3953 782 4024 Christum,
798 3962 824 4011 ct
837 3961 935 4011 cetera.

236 4039 381 4176 Siliiiuiet
413 4036 625 4174 tiriliuabilis
657 4121 688 4173 ct
715 4112 1020 4191 incomprehensibilis
1044 4118 1167 4184 creator,
1196 4112 1384 4191 omnipotens

175 4199 266 4272 Deus,
289 4199 373 4275 cujus
394 4198 485 4255 verbo
500 4203 530 4255 et
543 4201 690 4273 potestate
704 4201 811 4254 cuncta
834 4201 906 4252 sunt
928 4200 1036 4266 creata,
1057 4193 1141 4270 cujus
1154 4192 1236 4253 dono
1256 4192 1382 4273 percepi-

173 4299 241 4338 mus
265 4299 331 4355 quca
349 4280 388 4336 ad
414 4278 483 4335 vitae
508 4276 637 4335 remedia
660 4276 862 4353 possidemus;
890 4282 921 4333 te
942 4274 1087 4351 supplices
1107 4272 1229 4333 obnixis
1248 4276 1385 4351 precibus

173 4360 373 4436 deprecamur,
388 4366 424 4417 ut
437 4359 473 4417 de
487 4358 554 4416 sede
568 4357 731 4433 majestatis
746 4362 805 4415 tuae
819 4357 881 4414 haec
895 4356 1013 4414 oracula
1025 4353 1089 4412 sive
1101 4354 1236 4431 precaria
1248 4354 1384 4415 fidelium

173 4439 352 4498 famulorum
372 4445 494 4498 tuorum
515 4438 668 4495 sanctitati
688 4436 904 4509 convenientia,
920 4442 975 4495 tua
994 4434 1200 4494 benedictione
1221 4440 1255 4495 et
1274 4432 1383 4495 calari
