2850 4800
117 300 195 361 lul*
305 292 456 358 lloaaal
473 291 581 377 Offices
597 289 694 374 from
708 288 759 354 the
773 266 950 376 Hercford
965 290 1153 376 Breviory.

174 460 407 534 Ileapoasora‘una.
451 459 492 514 Et
506 477 606 515 semen
615 475 717 514 eorum
730 456 887 513 haereditet
902 461 1032 515 terram.

175 541 272 598 Lectio
285 541 407 615 spatiare
421 537 438 616 (
439 538 466 595 J
464 540 496 597 ob
509 538 597 614 avii).
641 537 771 613 Spiritus
784 556 868 594 meus
881 538 1116 597 attenuabitur.

177 621 410 695 Responsoriam.
455 619 630 676 Peccantem
644 637 690 674 me
704 617 846 693 quotidie.

182 700 292 759 Versus.
337 701 419 757 Deus
433 701 465 755 in
479 699 598 756 nominc
613 705 672 755 tuo,

179 781 272 838 Lectio
287 790 386 838 oetaeo
400 780 474 856 (Jot
487 780 561 856 xiv).
606 778 683 835 Pelli
696 797 761 835 mea
775 779 965 854 consumptis
980 779 1140 839 carnibus.

179 862 415 936 Respoaaorium.
459 861 605 935 Requicm
619 865 767 917 aeternam.

184 941 293 998 Versata.
339 942 399 1010 Qtai
414 942 566 997 Lazarum.

181 1020 273 1078 Lectio
287 1042 367 1079 acerra
380 1020 455 1098 (Jot
469 1022 526 1092 ic).
569 1020 667 1090 Quare
680 1020 716 1076 de
729 1019 827 1078 calva

177 1102 410 1176 responsoriam.
454 1102 563 1159 Libera
586 1120 642 1173 me,
667 1100 803 1170 Domine,
829 1099 866 1156 de
890 1106 994 1159 morte
1021 1106 1145 1159 aeterna
1167 1100 1201 1157 in
1222 1097 1265 1155 die
1279 1094 1316 1153 ilh

116 1183 276 1239 tremenda.
326 1182 451 1251 (latrando
465 1182 529 1238 cauli
547 1181 685 1238 movendi
699 1186 769 1237 sunt
783 1185 813 1236 et
827 1186 915 1238 terra.
974 1181 1067 1239 Dum
1081 1177 1316 1256 venerisjudican

118 1263 257 1318 sarculum
270 1281 323 1337 per
336 1264 442 1333 ignom.

184 1343 291 1400 Versus.
336 1344 407 1399 Dies
428 1343 488 1413 illa,
511 1342 572 1399 dies
592 1343 651 1414 ira,
675 1340 852 1398 calamitatis
873 1345 904 1398 et
926 1340 1075 1415 miseriae,
1100 1342 1165 1401 dics
1184 1358 1279 1418 magna
1293 1341 1315 1394 et

117 1442 217 1478 amara
231 1422 325 1480 ualde.
370 1423 503 1492 Quando,

178 1504 257 1572 Quid
272 1523 340 1578 crgo
354 1504 536 1561 miserrimus
552 1503 625 1578 quid
639 1502 734 1559 dicam
747 1502 794 1558 vel
809 1500 882 1577 quid
898 1500 1021 1575 faciam,
1038 1503 1118 1561 dum
1134 1503 1180 1562 nil
1191 1500 1256 1561 boni
1266 1515 1313 1576 pm

118 1584 210 1639 feram
223 1590 293 1640 ante
309 1589 428 1640 tantum
438 1584 590 1659 judiccml
634 1584 723 1640 Dum.

177 1664 240 1719 V'm
251 1665 352 1738 justus
367 1665 549 1735 salvabitur,
571 1670 601 1721 et
615 1682 667 1739 ego
681 1663 770 1720 miser
783 1661 837 1718 arbi
849 1661 961 1737 parebo
975 1665 987 1721 l

183 1743 292 1801 Versae.
335 1745 482 1820 Requiem
496 1752 637 1801 aetermam
651 1744 728 1818 dona
741 1743 791 1813 eis,
804 1741 942 1814 Domine,
960 1749 993 1801 et
1006 1743 1068 1801 lux
1082 1750 1227 1822 perpetua
1237 1741 1311 1799 lueet

117 1824 165 1880 eis.
210 1824 299 1883 Dum.

176 1904 407 1979 Respoasorium.
452 1906 566 1962 Libera.

176 1984 217 2041 Et
247 1987 357 2043 dicitur
383 1986 434 2044 laec
457 2005 569 2044 azoaram
596 1983 822 2061 Respoaaoriam
848 1983 903 2040 hac
929 1983 979 2042 dic
1007 2004 1081 2044 cum
1110 1986 1243 2045 omnum
1264 1979 1311 2041 atis

115 2066 264 2139 praeda'clia
284 2066 422 2124 Versibus.

183 2147 290 2204 Versata.
335 2147 450 2203 Audivi
463 2166 566 2204 vocem
579 2147 615 2204 de
629 2145 699 2204 caelo
713 2146 866 2201 dicentem.

176 2226 408 2302 Respoasorium.
452 2227 540 2284 Beati
554 2227 666 2284 mortui
680 2226 732 2302 qui
742 2226 775 2282 in
788 2225 919 2282 Domino
932 2224 1118 2285 moriuntur.

600 2410 640 2466 Iu
661 2409 828 2466 Lsunrnus.

174 2539 355 2615 nicephoro.
399 2538 604 2597 Exsultabunt
619 2538 756 2596 Domino.

176 2622 322 2679 Prolatus.
367 2621 516 2677 Miserere.

175 2702 354 2777 Antiphone.
399 2700 517 2757 Exaudi
531 2700 703 2757 orationem.

176 2783 321 2840 Psalmaa.
366 2782 409 2838 Te
428 2782 510 2838 dccet
525 2781 661 2855 hymnus.

175 2863 354 2938 Antiphone.
399 2863 452 2919 Me
466 2862 600 2937 suscepit.

173 2944 320 3001 Paulinus.
364 2942 447 3000 Deus
460 2943 531 2999 deus
546 2961 635 3000 meus.

173 3023 351 3098 Antiphone.
395 3023 519 3096 Eruisti,
534 3022 671 3079 Domine.

173 3105 317 3161 Paulmaa.
361 3103 424 3180 Ego
439 3104 508 3160 dixi

174 3184 355 3258 Antiphone.
398 3184 503 3240 Omnis
513 3182 642 3259 spiritus.

175 3264 322 3321 Prolatus.
365 3263 683 3321 LaudateDominum.

172 3344 351 3418 Arataplaoaa.
395 3345 458 3420 Ego
467 3342 724 3405 sumresurrectia

174 3425 318 3482 Psalmaa
362 3424 550 3482 Benedictus.

174 3507 350 3580 Qacocuaqae
363 3506 410 3563 die
418 3524 473 3580 per
487 3525 600 3562 arenam
607 3507 646 3578 fit
660 3502 810 3561 servitium
830 3510 1013 3560 mortuorum
1025 3503 1088 3561 aiei
1109 3505 1157 3563 dic
1179 3506 1317 3580 &sancto

111 3583 829 3662 racmsemperfiailarAntaplaoaapoatl’salnaum
839 3582 1026 3640 Benedictus.
1069 3584 1185 3644 Statim
1194 3586 1317 3662 requirar

112 3666 203 3724 Pater
216 3673 316 3724 noster
330 3675 356 3724 et
368 3668 437 3722 Arc
452 3666 558 3736 Maria,
575 3685 641 3722 carra
654 3663 774 3721 Psalmo
795 3662 942 3720 Exultabo
955 3669 995 3736 te,
1011 3664 1152 3737 Domine,
1163 3676 1192 3725 ct
1206 3667 1315 3726 Psalmo

113 3747 160 3804 De
174 3747 328 3824 profundis
341 3747 446 3820 absque
461 3745 563 3802 Gloria
580 3744 673 3801 Patri.

171 3829 329 3886 Exrccrctor
355 3827 440 3900 officii
464 3827 522 3884 loco
544 3834 570 3883 et
593 3824 696 3882 latito
723 3842 784 3882 awa
807 3832 919 3881 mutato
943 3824 1023 3882 dicat
1049 3824 1155 3885 Versus
1177 3828 1313 3905 Requiem

110 3913 260 3980 aeternam,
278 3916 304 3966 et
317 3916 407 3965 cetera
421 3915 455 3963 at
476 3926 568 3981 supra
581 3905 615 3962 ia
635 3904 762 3980 Veneris
774 3912 965 3964 mortuoram.

403 4101 560 4169 Saourrun
582 4100 812 4157 Oounannirro
834 4098 1018 4156 Aumnnuu.

172 4229 353 4306 Aratrplaonu.
398 4230 568 4302 Subvenite,
585 4229 680 4287 sancti
694 4229 762 4301 Dei,
777 4237 803 4287 et
818 4237 909 4288 cetero
921 4237 956 4286 ut
970 4247 1071 4304 cupra,
1087 4247 1118 4307 p.
1131 4229 1180 4289 92.

178 4309 288 4369 Versae.
334 4310 491 4387 Suscipiat.

170 4387 278 4448 Oratio.
323 4391 400 4463 Tibi,
416 4390 553 4463 Domine,
569 4390 817 4462 commendamus,
833 4399 860 4449 et
874 4397 966 4448 cetera
980 4397 1132 4466 utsupra,
1147 4411 1175 4470 p.
1194 4390 1258 4454 w.
