2850 4800
151 329 214 394 118
344 326 573 413 anapclium
594 325 633 392 de
657 324 875 411 Conceptioac
897 288 993 390 brata
1013 323 1147 390 Morio.

151 518 252 571 autem
275 511 379 590 genuit
398 510 539 570 Joathan.
581 509 604 568 J
605 509 715 568 cathan
735 513 836 566 autem
856 506 960 586 genuit
979 496 1089 566 Achaz
1132 507 1235 568 Achaz
1254 515 1357 570 autem

151 609 255 688 genuit
268 609 431 667 Ezechiam.
474 607 612 666 Ezechias
625 611 726 664 autem
742 607 846 682 genuit
864 606 1041 664 Manassem.
1085 605 1239 666 Manasses
1252 614 1356 668 autem

151 705 263 786 genuit*
283 705 393 763 Amon.
436 706 539 762 Amon
564 709 666 761 autem
692 703 797 779 genuit
824 703 948 762 Josiam.
993 702 1093 762 Josias
1119 708 1220 763 autem
1246 705 1356 784 genuit

23 803 26 806 ’
106 814 110 821 ’
151 802 328 870 Jechoniam
341 806 372 860 et
384 801 490 858 fratres
503 800 576 876 ejus,
591 800 625 856 in
638 800 897 876 transmigratione
912 798 1079 875 Babylonis
1123 799 1165 856 Et
1181 806 1359 877 posttnms

153 900 361 978 migrationem
387 897 549 976 Babylonis
574 897 734 956 Jeohonias
756 897 864 973 genuit·
889 896 1039 955 Salathiel.
1082 896 1225 956 Salathiel
1251 904 1356 959 autom

152 998 256 1075 genuit
290 996 461 1055 Zorobabel
507 995 671 1053 Zorobabel
697 999 797 1052 autem
832 995 936 1072 genuit
964 995 1076 1052 Abiud.
1118 994 1224 1071 Abiud
1250 1004 1354 1058 autem

152 1097 258 1172 genuit
277 1095 432 1153 Eliachim.
475 1092 622 1166 Eliaohim
641 1097 741 1150 autem
762 1092 867 1174 genuit
889 1090 978 1148 Azor.
1020 1091 1102 1149 Azor
1123 1097 1224 1150 autom
1247 1095 1356 1170 genuit

154 1194 277 1252 Sztdoch.
320 1192 433 1251 Sadoch
454 1189 555 1249 autem
577 1191 681 1267 genuit
704 1189 824 1248 Achim.
866 1188 977 1246 Achim
1001 1193 1102 1247 autem
1125 1190 1230 1266 genuit
1253 1191 1355 1252 Eliud·

154 1291 244 1349 Eliud
257 1296 358 1349 autem
373 1290 476 1367 genuit
490 1287 619 1346 Eleazar.
662 1286 784 1344 Eleazar
803 1291 904 1344 autem
923 1286 1028 1363 genuit
1048 1285 1182 1345 Mathan.
1226 1287 1356 1347 Mathan
1387 1359 1389 1364 Ι

152 1390 254 1444 autem
266 1386 371 1462 genuit
383 1385 485 1444 Jacob.
517 1383 550 1442 ..J
551 1385 623 1441 acob
636 1388 736 1440 autem
752 1383 856 1458 genuit
869 1381 891 1440 J
893 1381 982 1458 oseph
996 1382 1096 1439 virum
1116 1381 1231 1456 Mariae,
1245 1383 1357 1460 dequo

152 1490 241 1540 natus
255 1489 300 1541 est
313 1482 335 1541 J
336 1502 410 1554 esus,
427 1482 479 1558 qui
492 1486 615 1538 vocatur
629 1479 774 1537 Christus.
831 1547 846 1555 ἱ,
863 1553 872 1560 ·

253 1748 256 1753 ¹
362 1767 570 1824 Evaussmuu
591 1784 632 1823 nn
654 1767 869 1824 Ooscsrrroun
889 1770 995 1825 11111111
1016 1767 1141 1827 Maium

918 1852 943 1891 5..

212 1953 360 2010 Dominus
373 1953 535 2010 vobiscum.
900 2010 902 2014 ,

71 2066 81 2081 ‘
204 2048 361 2125 Sequentia
373 2051 468 2108 sancti
481 2049 638 2125 Evcnpelii
647 2049 808 2108 secundum
821 2050 942 2110 Lucam.

213 2147 315 2206 Gloria
328 2147 396 2221 tibi,
410 2148 546 2204 Domine.

212 2246 337 2303 Factum
350 2252 396 2303 est
409 2252 509 2302 autem
522 2265 590 2303 cum
603 2246 804 2322 baptizaretur
817 2246 913 2303 omnis
926 2247 1061 2323 populus,
1073 2254 1104 2304 et
1117 2246 1139 2305 J
1140 2267 1192 2306 esu
1205 2249 1355 2328 baptizato

150 2349 182 2402 et
202 2349 313 2416 orante,
328 2351 465 2422 apertum
484 2350 529 2402 est
549 2344 653 2402 caelum
661 2365 671 2417 3
692 2349 722 2401 11
738 2344 889 2402 descendit
911 2342 1041 2420 Spiritus
1063 2345 1189 2405 Sanctus
1209 2349 1354 2426 corporali

150 2442 246 2518 specie
266 2443 344 2501 sicut
365 2442 500 2501 columba
519 2442 553 2498 in
573 2442 688 2518 ipsum:
708 2446 739 2498 et
758 2462 819 2500 vox
840 2443 877 2500 de
897 2441 967 2500 caelo
987 2443 1066 2500 facta
1086 2449 1129 2502 est
1139 2463 1148 2517 3
1171 2445 1218 2502 Tu
1231 2465 1262 2504 es
1274 2446 1353 2505 filins

151 2557 233 2596 meus
247 2539 380 2614 dilectus,
395 2539 430 2596 in
442 2544 473 2596 te
487 2538 664 2614 complacuit
677 2538 759 2596 mihi.
798 2539 839 2596 Et
853 2538 916 2614 ipse
929 2538 951 2596 J
952 2558 1018 2596 esus
1032 2545 1097 2598 erat
1109 2540 1254 2618 incipiens
1268 2543 1353 2620 quasi

149 2656 295 2694 annorum
317 2638 460 2714 triginta,
474 2644 509 2694 ut
529 2639 701 2714 putabatur,
715 2637 795 2695 filius
814 2636 837 2695 J
838 2638 937 2714 oseph,
960 2638 1023 2710 Qui
1039 2639 1099 2696 fuit
1119 2640 1202 2714 Heli,
1223 2643 1276 2718 qui
1295 2643 1355 2701 fuit

151 2734 279 2808 Mathat,
296 2738 348 2812 qui
361 2737 420 2794 fuit
432 2737 515 2810 Levi,
532 2736 592 2805 Qui
604 2736 664 2793 fuit
678 2736 798 2806 Melchi,
813 2736 866 2812 qui
885 2736 944 2794 fuit
967 2736 990 2794 J
991 2730 1077 2810 anne,
1091 2739 1144 2814 qui
1157 2739 1217 2797 fuit
1229 2740 1253 2798 J
1253 2742 1352 2819 oneph,

151 2832 211 2901 Qui
224 2832 284 2889 fuit
296 2833 483 2906 Mathathiae,
500 2834 552 2910 qui
564 2833 624 2890 fuit
632 2832 738 2906 Amos,
753 2833 805 2909 qui
818 2833 877 2890 fuit
891 2833 1025 2905 Nahum,
1043 2833 1103 2903 Qui
1115 2828 1175 2893 fuit
1188 2835 1286 2912 Hesli‚
1302 2839 1354 2915 qui

149 2931 208 2988 fuit
229 2931 343 3008 Nagge‚
358 2933 410 3008 qui
431 2932 491 2990 fuit
512 2932 642 3005 Mathat,
657 2931 717 3002 Qui
738 2931 798 2994 fuit
819 2931 1005 3003 Mathathiae,
1028 2933 1080 3007 qui
1100 2933 1159 2992 fuit
1180 2934 1286 3011 Semei,
1301 2937 1355 3014 qui

149 3027 209 3083 fuit
228 3027 349 3104 Joseph,
367 3028 427 3098 Qui
447 3029 507 3086 fuit
526 3029 548 3087 J
550 3030 615 3102 uda,
632 3030 684 3106 qui
704 3029 764 3086 fuit
785 3028 807 3087 J
808 3028 934 3101 ohanna,
957 3029 1011 3104 qui
1029 3029 1089 3086 fuit
1108 3031 1196 3105 Rosa,
1213 3032 1275 3103 Qui
1295 3034 1355 3092 fuit

151 3126 321 3201 Zorobabel,
344 3127 397 3202 qui
416 3128 475 3185 fuit
496 3128 648 3199 salathiel,
669 3128 720 3204 qui
741 3120 809 3185 fuis
820 3128 904 3201 Neri,
928 3127 988 3197 Qui
1007 3126 1067 3185 fuit
1086 3128 1208 3212 Melchi,
1224 3133 1277 3208 qui
1294 3133 1355 3192 fuit

150 3222 240 3295 Addi,
257 3222 310 3299 qui
322 3223 382 3280 fuit
395 3224 522 3298 Theseu,
537 3225 597 3294 Qui
613 3226 672 3282 fuit
692 3224 880 3297 Helmadam,
896 3227 948 3302 qui
961 3226 1021 3284 fuit
1038 3226 1112 3298 Her,
1127 3228 1180 3304 qui
1192 3228 1253 3286 fuit
1265 3229 1289 3288 J
1290 3249 1353 3304 esu,

152 3321 213 3390 Qui
232 3321 292 3379 fuit
312 3322 458 3395 Heliezer,
473 3324 525 3400 qui
544 3323 603 3380 fuit
623 3322 645 3381 J
646 3322 730 3397 orim,
746 3324 799 3400 qui
817 3324 876 3382 fuit
896 3324 1026 3398 Mathat,
1043 3326 1103 3395 Qui
1123 3326 1183 3384 fuit
1199 3326 1284 3400 Levi,
1301 3331 1354 3405 qui

150 3419 210 3476 fuit
231 3418 367 3495 Symeon,
390 3421 443 3496 qui
463 3421 523 3477 fuit
544 3421 635 3495 Juda,
658 3422 719 3493 Qui
738 3422 798 3480 fuit
820 3422 942 3499 Joseph,
965 3424 1018 3502 qui
1036 3425 1096 3482 fuit
1115 3424 1204 3498 Jona,
1222 3418 1276 3503 qui
1294 3426 1356 3486 fuit

152 3517 308 3590 Eliachim,
324 3519 384 3588 Qui
396 3519 456 3577 fuit
469 3519 596 3592 Molcha,
612 3521 664 3598 qui
683 3521 743 3578 fuit
757 3521 878 3594 Menna,
894 3524 946 3598 qui
962 3523 1022 3583 fuit
1036 3524 1205 3596 Mathatha,
1220 3524 1282 3595 Qui
1294 3525 1355 3585 fuit

152 3615 284 3687 Nathan,
299 3616 351 3692 qui
373 3616 432 3674 fuit
455 3617 565 3689 David,
580 3618 632 3693 qui
651 3617 710 3675 fuit
729 3619 752 3676 J
753 3638 823 3690 esse,
833 3614 901 3689 'Qui
921 3620 980 3678 fuit
1002 3620 1110 3695 Obeth,
1126 3616 1179 3697 qui
1191 3620 1252 3679 fuit
1264 3621 1354 3696 Booz,

150 3714 204 3791 qui
223 3714 282 3772 fuit
302 3714 432 3787 salmon,
449 3714 510 3784 Qui
528 3715 589 3772 fuit
609 3716 739 3788 Nasson,
755 3717 808 3792 qui
826 3717 885 3774 fuit
905 3718 1085 3792 Aminadab‚
1101 3719 1154 3796 qui
1173 3720 1233 3778 fuit
1245 3720 1353 3814 Aram,

152 3811 211 3882 Qui
223 3811 283 3869 fuit
297 3811 412 3885 Esrom,
426 3812 479 3888 qui
491 3811 551 3869 fuit
564 3811 684 3884 Phares,
700 3814 752 3889 qui
771 3813 832 3871 fuit
851 3813 873 3872 J
874 3815 949 3889 udae,
964 3815 1025 3886 Qui
1036 3816 1096 3873 fuit
1109 3816 1212 3889 Jacob,
1228 3817 1283 3894 qui
1294 3817 1357 3880 fuit

152 3909 244 3980 Isaac,
260 3909 312 3984 qui
324 3908 384 3966 fuit
397 3908 533 3980 Abrahae,
551 3909 611 3978 Qui
623 3909 682 3967 fuit
695 3910 799 3983 Thare,
812 3911 864 3987 qui
877 3910 936 3969 fuit
950 3913 1079 3986 Naohor,
1090 3914 1143 3990 qui
1156 3913 1217 3971 fuit
1230 3914 1353 3988 Saruch,

153 4006 214 4075 Qui
226 4007 286 4064 fuit
299 4007 413 4083 Ragau,
427 4006 480 4084 qui
492 4007 552 4064 suit
565 4007 704 4079 Phalech,
719 4009 771 4084 qui
784 4009 843 4085 fuit
861 4009 973 4082 Heber,
990 4011 1051 4082 Qui
1063 4011 1124 4068 fuit
1137 4011 1213 4086 Sale,
1228 4012 1283 4089 qui
1292 4012 1354 4071 fuit

152 4101 276 4176 Oainan,
290 4105 343 4181 qui
356 4104 416 4162 fuit
427 4103 596 4181 Arphaxat,
612 4105 673 4174 Qui
684 4105 745 4163 fuit
758 4106 835 4179 Sem,
848 4108 900 4184 qui
913 4108 973 4166 suit
987 4109 1063 4182 Noe,
1075 4109 1129 4187 qui
1140 4109 1201 4168 fuit
1213 4109 1354 4182 Lamech,

153 4198 213 4266 Qui
225 4200 284 4258 fuit
298 4201 478 4276 Mathusale,
494 4202 547 4278 qui
559 4201 619 4260 fuit
631 4202 745 4276 Enoch,
760 4204 814 4280 qui
832 4204 892 4262 fuit
911 4205 934 4264 J
934 4205 1028 4279 areth,
1044 4206 1106 4277 Qui
1124 4207 1189 4278 fuit
1204 4206 1354 4281 Malaleel,

151 4296 204 4370 qni
223 4297 283 4356 fnit
302 4297 426 4371 Oainan,
440 4300 493 4377 qui
511 4300 572 4359 fuit
591 4300 681 4374 Enos,
697 4301 758 4372 Qui
775 4301 834 4360 fuit
854 4302 937 4371 Seth,
951 4304 1004 4379 qui
1024 4304 1084 4362 fuit
1100 4304 1211 4378 Adam,
1226 4306 1281 4383 qui
1293 4305 1355 4365 fuit

205 4434 215 4451 .
255 4393 279 4452 J
279 4412 345 4452 osus
358 4399 460 4453 autem
473 4395 578 4472 plenus
592 4396 708 4474 Spiritu
722 4397 832 4457 Sancto
845 4417 994 4477 regressus
1008 4407 1055 4459 est
1067 4419 1087 4459 a
1099 4401 1123 4460 J
1123 4400 1243 4462 ordano.
