2850 4800
125 319 188 380 206
526 319 706 386 Dosonota
719 319 921 405 Maroorotu

122 505 235 562 Filium
254 505 383 562 hominis
392 525 402 577 3
420 505 547 581 gaudete
568 512 599 564 et
619 508 761 579 exultate,
782 526 848 565 ecoc
868 506 949 566 enim
972 526 1084 569 merces
1106 514 1212 569 vestra
1233 508 1316 569 multa

123 605 169 657 est
181 600 215 655 in
227 600 306 657 caelo.

128 697 157 755 V.
180 696 219 753 In
233 715 351 754 omnem
364 702 472 753 terram
487 696 583 754 exivit
596 716 685 755 sonus
698 716 808 756 corum.

185 792 226 849 Et
239 793 272 848 in
285 792 358 849 fines
372 792 459 850 orbis.

183 889 292 948 Oratio.
335 889 418 962 Esto,
432 888 561 948 Domine
574 890 626 967 (ut
639 891 674 950 in
686 891 808 951 Miacali
819 892 854 950 in
867 891 938 970 dre)

434 1118 484 1176 ΒΕ
504 1134 619 1176 seuero
639 1118 829 1193 Lausnrrro,
851 1136 1004 1179 uanrrnn.

181 1198 361 1274 Antiphone.

188 1298 299 1357 Beatus
321 1300 509 1372 Laurentius,
523 1302 596 1358 dum
615 1302 649 1358 in
663 1301 804 1361 craticula
817 1302 987 1379 suppositus
1000 1308 1147 1378 ureretur,
1162 1303 1201 1362 ad
1212 1303 1306 1381 impiis

123 1395 232 1452 simum
258 1404 420 1472 tyrannum
441 1398 519 1455 dixit
530 1418 540 1471 5
568 1399 713 1457 Assatum
739 1405 793 1471 est,
817 1400 829 1476 j
907 1419 993 1459 versa
1015 1406 1047 1458 et
1070 1401 1225 1475 manduca,
1248 1419 1305 1458 nan

118 1492 273 1552 facultates
288 1495 425 1553 Ecclesiae
440 1516 513 1572 quas
526 1496 661 1572 requiris,
676 1497 709 1554 in
722 1498 850 1556 caelestes
869 1498 1021 1556 thesauros
1038 1517 1146 1557 manus
1159 1515 1304 1576 pauperum

119 1590 357 1665 deportaverunt.
1194 1582 1198 1591 ’

126 1686 155 1744 V.
178 1686 327 1762 Dispersit
341 1693 371 1745 et
384 1687 466 1746 dedit
479 1690 671 1766 pauperibus:

178 1782 201 1839 J
202 1784 306 1840 ustitia
319 1785 383 1859 ejus
397 1791 498 1843 manet
510 1786 543 1842 in
557 1786 698 1843 saeculum
711 1785 818 1844 saeculi.

180 1879 288 1939 Oratio.
332 1882 380 1938 Da
394 1882 487 1954 nobis,
504 1902 671 1958 quaesumus
685 1883 736 1961 (ut
749 1883 784 1941 ia
797 1883 917 1943 Miecoli
929 1884 965 1944 in
977 1885 1050 1966 dio).

182 1975 407 2052 Respoacorium.
452 1981 723 2039 Circumdederunt.

452 2189 502 2247 ΒΕ
524 2207 636 2249 smero
657 2191 809 2264 Nicomo,
831 2207 981 2250 nrrscoro.

174 2269 353 2345 Antiphone.

179 2365 321 2442 Opastor
340 2366 501 2438 aete1ne,0
523 2367 649 2425 clemens
669 2373 700 2425 et
720 2368 797 2426 bone
816 2374 923 2442 custos,
942 2368 1080 2446 quicum
1100 2369 1203 2430 devoti
1222 2366 1306 2449 gregis

121 2481 220 2538 preces
234 2464 409 2534 attenderes
419 2482 490 2520 voce
503 2463 585 2538 lapsa
598 2462 634 2520 de
647 2464 718 2521 caelo
731 2463 850 2540 praesuli
870 2465 1053 2524 sanctissimo
1070 2466 1196 2544 dignum
1209 2466 1306 2544 episto

115 2568 189 2638 patu
203 2561 360 2618 Nicolaum
374 2561 531 2618 ostendisti
544 2567 632 2618 tuum
645 2561 798 2620 famulum.

121 2660 151 2718 V.
173 2660 299 2717 Amavit
313 2680 381 2717 eum
395 2660 484 2732 Deus,
500 2665 531 2717 et
545 2660 662 2718 ornavit
674 2679 744 2717 eum
758 2680 765 2718 ε

175 2756 257 2813 Stola
270 2757 369 2834 gloriae
383 2755 483 2813 induit
495 2775 571 2814 eum.

175 2851 284 2910 Oratio.
328 2853 418 2925 Deus,
434 2852 487 2928 qui
499 2853 619 2909 beatum
629 2850 681 2928 (ut
694 2850 729 2909 in
741 2850 861 2909 Messall
873 2850 908 2910 ia
921 2849 994 2930 dio).

504 3066 554 3122 ΒΕ
576 3078 690 3124 saucia
710 3064 910 3124 Kinnanmn

174 3145 351 3222 Antiphone.

172 3243 283 3300 Inclita
301 3246 410 3300 sanctae
429 3241 555 3320 virginis
576 3241 753 3300 Katharinae
773 3240 927 3300 sollemnia
946 3239 1088 3319 suscipiat
1107 3240 1247 3301 alacriter
1261 3241 1305 3320 pia

112 3344 207 3398 mater
220 3338 356 3397 Ecclesia

513 3420 582 3477 Ave
595 3418 679 3496 virgo
692 3417 752 3477 Dei
764 3418 862 3496 digna,

512 3514 580 3572 Ave
594 3513 688 3572 dulcis
701 3520 732 3572 et
745 3514 880 3591 benigna,

514 3611 624 3670 Obtine
637 3611 722 3669 nobis
735 3611 844 3690 gaudia

514 3708 587 3778 Quae
597 3709 727 3786 possides
740 3728 808 3769 cum
820 3708 921 3788 gloria.

114 3809 145 3870 V.
167 3808 285 3867 Diffusa
298 3814 342 3866 est
354 3807 450 3884 gratia
462 3806 495 3863 in
508 3806 595 3864 labiis
607 3806 682 3866 tuis:

170 3907 331 3983 Propterea
343 3902 504 3961 benedixit.

173 4004 283 4064 Oratio.
326 4003 417 4076 Deus,
428 4001 481 4078 qui
494 4000 602 4059 dedisti
616 3998 662 4078 (ut
676 4000 710 4059 ia
722 3998 842 4059 Micsuli
853 3999 888 4060 dn
897 3998 970 4078 dio).

503 4196 553 4254 Dr
573 4211 686 4256 asueri
707 4195 912 4256 Mummi„

167 4279 344 4356 Amtptooo.

167 4378 270 4436 Simile
283 4382 328 4434 cst
341 4393 464 4451 regnum
474 4372 612 4433 caelorum
626 4391 739 4450 sagonae
752 4371 848 4431 missae
861 4373 895 4430 in
908 4392 989 4433 maro
1001 4379 1033 4434 ct
1050 4375 1186 4435 exomni
1197 4395 1304 4456 genero
