2850 4800
145 265 186 329 58
498 261 751 330 Commendatio
776 263 1001 330 Animarum.

203 444 345 518 Absolve,
380 464 558 520 quaesumus,
586 446 724 518 Domine,
753 446 867 505 enimes
901 447 1081 515 famulorum
1113 445 1353 524 famularumque

142 546 264 600 tuarum
286 543 323 599 ab
345 542 426 598 omni
447 542 566 600 vinculo
588 542 773 616 delictorum,
795 544 885 602 utin
907 544 1131 602 resurrectionis
1154 543 1250 620 glorie.
1272 543 1354 602 inter

142 644 259 698 sanctos
279 645 309 696 et
327 639 434 696 eleetos
457 646 526 697 tuos
547 641 715 699 resuscitati
732 641 886 718 respirent.
930 641 989 700 Per
1011 641 1165 700 Christum
1187 641 1353 700 Dominum

142 741 286 794 nostrum.
329 736 436 793 Amen

205 832 405 908 Requiescnnt
418 833 450 889 in
464 852 542 908 psce.
584 833 692 891 Amen.

153 982 156 991 .
203 944 247 1002 In
264 945 444 1021 processione
462 965 520 1020 pro
541 954 655 1004 mortno
675 955 848 1022 asperpatar
868 967 980 1024 empne,
996 956 1022 1006 et
1042 954 1140 1008 oretar
1154 965 1214 1024 pro
1235 966 1267 1006 eo
1287 965 1353 1007 mm

143 1041 271 1102 Psalmo.
315 1040 362 1098 De
375 1042 537 1117 profundis.

205 1137 303 1213 Kyrie
317 1137 443 1213 eleyson.
488 1138 606 1198 Christe
620 1140 745 1217 eleyson.
789 1140 886 1219 Kyrie
900 1141 1026 1218 eleyson.

206 1235 297 1292 Pater
310 1241 417 1293 noster.
462 1236 503 1292 Et
516 1256 554 1294 ne
568 1257 629 1295 nos.

205 1331 352 1408 Requiem
366 1338 508 1389 seternem
521 1333 598 1390 dona
612 1334 663 1407 eis,
679 1335 816 1395 Domine.

206 1428 302 1487 Credo
315 1430 416 1487 videre
429 1431 508 1488 bone.
521 1431 653 1490 Domini.

205 1526 238 1582 A
251 1532 337 1602 porta
351 1527 448 1584 inferi.

206 1623 407 1697 Requiescant
420 1623 453 1679 in
466 1643 544 1699 pace.

206 1718 355 1776 Dominus
368 1719 529 1778 vobiscum.

207 1815 342 1874 Oremus.

207 1910 317 1970 Oratio.
362 1911 558 1988 Omnipotens
572 1915 749 1991 sempiterne
764 1915 860 1974 Deus.

208 2010 319 2073 Oratio.
365 2017 494 2083 Inclina,
510 2014 649 2071 Domine.

209 2108 321 2172 Oratis.
367 2114 553 2184 Quaesumus,
569 2112 708 2183 Domine,
722 2131 776 2188 pro
789 2117 844 2170 tua
857 2111 976 2188 pietate.
1008 2099 1011 2106 ¹

208 2206 319 2268 Oratio.
365 2210 507 2281 Absolve,
519 2229 696 2286 quaesumus,
707 2212 846 2285 Domine,
857 2211 988 2268 enimam
1001 2208 1108 2267 famuli
1120 2208 1175 2266 tui.

208 2304 318 2366 Oratio.
362 2307 510 2365 Fidelium
535 2309 618 2366 Deus
637 2309 769 2367 omnium
793 2309 929 2367 conditor
949 2314 980 2366 et
993 2307 1164 2383 redemptor
1177 2305 1352 2364 animarum.

208 2420 292 2479 Pane
305 2419 471 2498 deportetur
484 2423 525 2480 act
538 2421 697 2480 Ecclesiam
708 2442 775 2480 canc
788 2420 989 2496 Responsorio.
1027 2418 1136 2476 Libera
1145 2436 1202 2489 me,
1215 2415 1353 2475 Domine.

208 2539 287 2600 Cam
300 2543 433 2601 Ecclesiae
447 2545 733 2620 appropinquaverit,
749 2543 867 2601 dieatar
880 2542 1053 2617 Antiplrona
1063 2566 1072 2601 :

209 2811 249 2867 In
281 2814 537 2885 ps-re·dis-um
561 2815 754 2873 dedu-eant
775 2822 806 2873 te
843 2813 1041 2890 nn-ge·li‚
1083 2813 1116 2870 in
1163 2816 1247 2869 tu·o
1284 2809 1336 2868 ad·

148 2975 1358 3115 Ἦ

177 3146 298 3197 ven-tu
325 3143 561 3217 sus-ci·pi-snt
587 3150 619 3202 te
640 3150 867 3220 mar-ty-res,
920 3149 951 3200 et
977 3141 1188 3219 per-du-csnt
1218 3143 1250 3197 te
1287 3138 1321 3195 in

148 3291 928 3465 Q

182 3464 414 3526 ci·vi-tn·tem
441 3477 593 3529 sanc-tam
622 3471 889 3529 Hierusalem.

208 3652 360 3719 PsatmnsJ
399 3661 550 3722 Miserere.
615 3620 1095 3769 Q

209 3857 308 3934 Kyrie
323 3859 448 3935 eleyson.
493 3860 611 3919 Ohriste
625 3861 751 3938 eleyson.
796 3861 893 3939 Kyrie
907 3860 1035 3938 eleyson.

209 3954 302 4013 Pater
315 3963 423 4016 noster.
466 3957 508 4014 Et
520 3977 558 4015 ne
571 3977 633 4016 nos.

210 4051 358 4129 Requiem
372 4061 522 4112 aeternem.

211 4148 305 4208 Credo
320 4151 420 4209 videre
433 4153 511 4210 bona
526 4152 657 4211 Domini.

212 4245 344 4322 Apolta
358 4249 453 4306 inferi.
502 4244 504 4248 Α

213 4344 363 4406 Dominus
376 4349 537 4407 vobiscum.
