2866 4846
529 261 697 328 Manuale
711 261 759 329 cd
772 282 876 328 asam
890 262 1026 331 Seram

342 428 450 487 Sancte
463 426 627 502 Dunstane,
642 427 797 486 intercede.

342 508 449 565 Sancte
463 507 633 579 Outhberte‚
647 508 804 568 intercede.

341 589 449 646 Sancte
459 588 619 659 Leonarde,
634 588 789 646 intercede.

341 668 449 725 Sancte
463 667 561 743 Egidi,
574 668 729 726 intercede.

301 748 412 806 Omnes
425 748 520 805 sancti
534 747 727 818 Confessum,
739 747 921 806 intercedite.

301 830 412 887 Omnes
424 827 520 885 sancti
533 827 675 884 Monachi
688 834 718 884 ct
732 829 880 899 Eremitae,
895 828 1074 886 intercedite.

341 908 451 968 Sancta
464 907 562 964 Maria
576 907 761 983 Magdalena,
775 909 922 966 intercede
935 927 989 983 pro
1002 909 1101 964 anima
1114 909 1185 984 ejus.
1250 979 1254 985 .

341 988 450 1046 Sancta
464 986 562 1044 Maria
575 988 761 1063 AEgyptiaca,
777 988 926 1047 intercede
939 1008 993 1064 pro
1006 988 1106 1046 anima
1119 990 1144 1064 ej
1149 1007 1189 1047 us.

341 1068 450 1124 Sancta
463 1067 610 1139 Felicitas,
625 1068 779 1125 intercede.

341 1148 449 1204 Sancta
462 1146 619 1222 Perpetua,
634 1148 789 1206 intercede.

341 1228 449 1284 Sancta
462 1227 579 1298 Occilia
593 1228 748 1285 intercede.

341 1308 449 1365 Sancta
457 1307 563 1377 Lucia,
578 1308 733 1365 intercede.

341 1387 449 1445 Sancta
462 1387 591 1463 Agatha,
606 1388 762 1445 intercede.

341 1467 449 1524 Sancta
461 1467 573 1542 Agnes,
588 1467 744 1524 intercede.

339 1547 449 1604 Sancta
462 1547 558 1618 mdes,
573 1547 728 1604 intercede.

340 1627 448 1685 Sancta
462 1627 640 1699 Katharina,
655 1627 810 1684 intercede.

340 1707 449 1765 Sancta
463 1707 650 1776 Scholastica,
663 1707 820 1766 intercede.

339 1787 448 1845 Sancta
460 1787 483 1844 J
483 1786 595 1858 uliana,
605 1787 759 1845 intercede.

340 1867 449 1924 Sancta
463 1867 641 1943 Margareta,
655 1867 810 1925 intercede.

340 1947 449 2004 Sancta
462 1947 630 2019 Anastasia,
645 1947 801 2005 intercede.

341 2027 450 2084 Sancta
463 2027 639 2099 Petronella,
654 2027 809 2085 intercede.

340 2107 449 2165 Sancta
462 2108 581 2178 Editha,
594 2109 750 2165 intercede.

340 2187 449 2245 Sancta
462 2187 592 2263 Brigids,
607 2188 762 2245 intercede.

300 2267 410 2325 Omnes
423 2273 531 2324 sanctae
545 2268 695 2343 Virgines,
709 2267 881 2325 intercedite
894 2287 948 2343 pro
962 2269 1061 2325 anima
1075 2269 1145 2344 ejus.

301 2348 411 2405 Omnes
425 2347 534 2419 Sancti,
549 2348 723 2405 intercedite
737 2368 790 2423 pro
804 2349 903 2405 anima
917 2349 987 2423 ejus.

239 2426 391 2503 Propitius
401 2433 471 2500 esto,
482 2447 568 2504 parce
582 2433 612 2484 et
626 2428 744 2485 dimitte
758 2429 786 2485 ei
799 2429 898 2485 omnia
911 2434 1090 2504 peccatasua„
1106 2428 1243 2487 Domine.

240 2507 291 2565 Ab
305 2509 386 2564 omni
399 2509 497 2566 malo:
521 2509 614 2565 libera
627 2515 658 2565 et
672 2508 794 2566 defende
809 2509 938 2565 animam
952 2510 1023 2585 ejus,
1039 2509 1174 2566 Domine.

239 2588 291 2645 Ab
304 2588 389 2646 hoste
402 2589 505 2664 iniquo
519 2610 525 2645 :
546 2589 638 2645 libera
651 2594 682 2646 et
695 2589 817 2645 defende
837 2589 967 2645 animam
980 2590 1053 2664 ejus,
1068 2588 1205 2648 Domine.

240 2669 292 2725 Ab
302 2669 417 2725 insidiis
426 2675 456 2726 et
466 2669 579 2744 laqueis
587 2669 697 2726 diaboli
709 2691 715 2727 ε
741 2669 832 2726 libera
843 2674 873 2726 ct
883 2669 1006 2726 defende
1016 2669 1147 2726 animam
1157 2671 1230 2745 ejus,
1242 2669 1383 2733 Domine.

239 2749 291 2806 Ab
304 2749 424 2807 incursu
445 2749 641 2825 malignorum
661 2749 839 2825 spirituum:
861 2748 953 2806 libera
967 2756 998 2806 61
1019 2749 1142 2807 defende
1161 2750 1295 2808 animam
1308 2752 1384 2829 ejus,

182 2828 317 2886 Domine.
767 2883 770 2888 ,

240 2910 273 2966 Α
286 2909 392 2965 timore
405 2909 590 2966 inimicorum
604 2931 610 2966 :
631 2909 725 2966 libera
737 2915 768 2966 et
781 2909 904 2966 defende
917 2909 1048 2966 animam
1060 2911 1133 2986 ejus,
1148 2911 1289 2969 Domine.

241 2989 292 3046 Ab
305 2989 351 3046 ira
363 2994 416 3046 tua
431 3011 436 3047 :
458 2990 551 3046 libera
565 2995 594 3046 et
608 2989 731 3047 defende
744 2990 874 3046 animam
888 2991 960 3066 ejus,
977 2991 1111 3048 Domine.

240 3069 273 3125 A
286 3069 475 3126 damnatione
488 3075 646 3146 perpetua:
667 3070 760 3128 libera
773 3076 803 3127 et
818 3070 940 3128 defende
954 3071 1084 3128 animam
1097 3071 1169 3147 ejus,
1184 3070 1327 3130 Domine.

241 3149 273 3205 A
286 3149 378 3223 paenis
391 3149 519 3208 inferni:
540 3150 633 3206 libera
646 3156 676 3207 et
688 3151 811 3208 defende
824 3151 953 3207 animam
966 3152 1038 3226 ejus,
1053 3152 1189 3208 Domine.

240 3229 272 3285 A
285 3228 414 3303 periculo
427 3230 531 3287 mortis
546 3251 552 3287 ε
573 3230 667 3287 libera
679 3236 710 3288 et
724 3231 846 3288 defende
859 3232 989 3288 animam
1003 3233 1075 3306 ejus,
1090 3231 1226 3288 Domine.

240 3307 272 3363 A
285 3308 412 3384 pondere
425 3315 629 3385 peccatorum:
649 3311 742 3368 libera
755 3316 786 3369 et
800 3312 923 3368 defende
936 3312 1066 3368 animam
1080 3313 1151 3387 ejus,
1167 3310 1308 3371 Domine.

212 3467 219 3479 ὓ
239 3387 298 3445 Per
318 3388 492 3446 immensam
511 3391 653 3465 pictatem
666 3397 768 3448 tuam:
789 3391 882 3448 libera
895 3398 926 3448 et
947 3392 1069 3450 defende
1089 3392 1219 3449 animam
1233 3393 1309 3468 ejus,
1327 3394 1390 3453 Do

179 3486 267 3525 nnnc.

237 3548 297 3606 Per
310 3550 484 3625 mysterium
504 3558 613 3609 sanctae
626 3551 838 3609 incarnationis
859 3557 936 3609 tuae:
957 3552 1052 3610 libera
1065 3558 1096 3609 ct
1109 3551 1231 3609 defende
1250 3553 1389 3614 animam

178 3629 249 3702 ejus,
265 3629 403 3688 Domine.

179 3789 207 3845 D
237 3709 296 3802 Per
316 3717 447 3768 sanctam
468 3712 717 3770 circumcisionem
730 3717 833 3769 tuam:
854 3713 947 3770 libera
968 3718 998 3770 ct
1018 3712 1141 3770 defende
1162 3711 1294 3772 animam
1308 3717 1387 3793 ejus,

209 3808 314 3847 omme.

237 3869 297 3928 Per
319 3877 450 3930 sanctam
471 3873 686 3949 apparitionem
711 3879 812 3931 tuam:
834 3873 927 3931 libera
951 3880 981 3930 et
1005 3874 1129 3932 defende
1152 3873 1285 3932 animam
1309 3878 1386 3954 ejus,

177 3951 312 4009 Domine.

235 4030 294 4088 Per
306 4033 488 4109 baptismum
497 4039 584 4090 tuum
599 4053 605 4090 :
628 4034 722 4091 libera
735 4040 766 4092 et
778 4032 902 4092 defende
915 4034 1044 4093 animam
1058 4035 1131 4110 ejus,
1146 4033 1288 4094 Domine.

234 4111 293 4169 Per
308 4113 457 4189 jejunium
470 4120 575 4171 tuum:
597 4113 690 4171 libera
703 4121 734 4171 61
747 4115 870 4173 defende
884 4116 1015 4173 animam
1028 4116 1100 4190 ejuS,
1116 4114 1254 4172 Domine.

174 4269 203 4327 D
233 4191 293 4284 Per
315 4195 482 4269 passionem
502 4200 533 4251 et
557 4213 673 4251 crucem
696 4200 801 4253 tuam:
828 4196 921 4254 libera
943 4202 974 4256 et
997 4196 1121 4254 defende
1144 4196 1278 4254 animam
1304 4199 1384 4276 ejus,

205 4291 309 4331 omme.

233 4351 292 4410 Per
300 4352 464 4429 piissimam
471 4359 596 4412 mortem
607 4360 691 4412 tuam
707 4375 713 4414 :
736 4355 830 4414 libera
843 4362 873 4414 et
883 4356 1007 4415 defende
1016 4356 1147 4415 animam
1155 4356 1227 4434 ejus,
1238 4355 1382 4420 Domine.
