2850 4800
187 357 231 450 bt
637 350 755 417 Unctio
777 351 947 417 Eutrema.

183 533 244 617 nisi
264 536 298 593 de
320 533 431 592 vomitu
452 534 498 593 oet
517 533 581 592 abia
603 534 791 593 irreverentia
807 532 995 609 probabiliter
1015 532 1173 592 timeatur:
1195 533 1229 591 in
1244 552 1302 608 quo
1321 553 1394 612 cane

182 629 324 692 Sacerdos
337 633 417 690 dicat
430 632 549 707 infirmo
563 632 625 692 sic:

243 729 356 798 Frater,
370 729 403 785 in
416 728 471 786 hoc
484 747 554 786 casu
574 728 683 786 sufficit
702 727 760 786 tibi
779 747 851 786 vera
871 727 943 785 fides
957 732 988 785 et
1000 728 1079 785 bona
1091 726 1248 786 voluntas:
1269 731 1391 784 tantum

182 825 276 897 crede,
291 831 322 883 et
331 825 527 912 manducasti.

241 928 301 988 Isti
312 951 373 989 non
386 931 486 988 debent
498 949 609 988 sumere
624 929 739 1005 Corpus
754 928 874 988 Christi.

383 1027 467 1084 Dum
480 1028 568 1084 ooniit
581 1027 719 1102 infirmus
731 1046 792 1084 non
805 1025 883 1084 debet
896 1043 1006 1083 sumere
1022 1023 1137 1101 Cmpus

383 1123 496 1183 Christi
502 1147 515 1194 ,·
535 1125 597 1182 nisi
609 1124 719 1193 credit;
740 1122 878 1181 credendo
884 1122 1013 1197 fideliter
1026 1121 1091 1197 epit.

382 1222 500 1294 Ebrius,
516 1220 650 1293 insanus,
667 1241 811 1293 erroneus,
825 1228 850 1278 et
864 1220 940 1279 male
950 1221 1076 1292 credens,

381 1319 422 1375 Et
430 1318 520 1394 pueri
527 1340 540 1388 ;
564 1317 677 1394 Corpus
691 1316 801 1377 Cbristi
814 1337 875 1375 non
887 1317 1050 1392 sccscipiant
1062 1316 1103 1374 tt.

379 1415 450 1473 Non
463 1416 524 1473 nisi
536 1436 630 1474 mense
644 1415 728 1474 semel
739 1415 850 1488 aliquis
864 1415 1051 1472 communicet
1061 1432 1143 1488 ceper.

237 1527 279 1584 Et
291 1537 362 1586 nota
375 1530 455 1603 qaod
467 1528 608 1587 Sacerdos
621 1528 760 1604 infirmus
773 1537 798 1585 et
813 1528 1075 1587 communicandae
1087 1527 1231 1585 induetur
1245 1525 1328 1596 stobi.

240 1642 297 1699 Hic
311 1644 537 1702 communicetur
550 1644 697 1720 infimnus,
712 1644 864 1703 Sacerdote
878 1643 987 1702 dicente
1000 1643 1053 1701 boc
1065 1643 1151 1702 modo
1161 1666 1171 1701 .·

237 1739 350 1815 Corpus
364 1740 487 1798 Domini
500 1743 596 1799 nostri
608 1743 630 1800 J
632 1762 683 1799 esu
698 1742 812 1800 Christi
828 1741 975 1799 custodiat
989 1759 1095 1817 corpus
1108 1745 1197 1797 tuum
1210 1744 1242 1796 et
1255 1736 1386 1795 animam

174 1841 259 1896 tuam
272 1837 305 1892 in
318 1837 413 1895 vitam
426 1844 575 1896 aeternam.
619 1840 728 1897 Amen.

234 1948 348 2007 Deinde
356 1950 436 2007 dicat
443 1950 585 2009 Sacerdos
594 1952 656 2009 sine
667 1928 816 2008 Dominus
826 1950 979 2008 vobiscum
989 1950 1039 2007 sed
1049 1956 1167 2006 tantum
1179 1968 1247 2007 cam
1258 1950 1383 2010 Oremus

171 2047 332 2106 orationem
358 2057 527 2123 sequentem,
549 2050 628 2124 quod
654 2069 715 2107 non
742 2048 853 2106 dicitur
872 2047 934 2106 nisi
955 2054 1072 2105 tantum
1099 2047 1218 2122 quando
1246 2047 1385 2123 infirmae

172 2144 406 2203 communicetur.

235 2252 345 2312 Oratio.

232 2350 368 2424 Domine,
392 2358 492 2410 sancte
514 2352 612 2425 Pater,
634 2352 822 2427 omnipotens
843 2357 952 2407 aeterne
973 2348 1065 2420 Deus,
1084 2354 1115 2406 te
1135 2349 1263 2408 fideliter
1283 2351 1384 2429 depre-

170 2463 272 2504 camur
285 2454 321 2505 ut
338 2449 407 2506 huic
428 2449 515 2507 fratri
534 2455 637 2507 nostro
651 2448 685 2505 N
684 2493 703 2520 .,
718 2448 876 2524 accipienti
896 2453 1115 2504 sacrosanctum
1136 2446 1251 2522 Corpus
1264 2453 1296 2505 et
1311 2447 1383 2506 Son·

167 2543 289 2619 guinem
302 2544 324 2601 J
326 2564 377 2602 esu
392 2545 512 2618 Christi,
529 2546 602 2603 Filii
615 2546 670 2619 tui,
686 2544 811 2602 Domini
830 2544 935 2614 nostri,
950 2550 1013 2600 tam
1027 2542 1156 2620 corporis
1170 2561 1260 2619 quam
1274 2544 1381 2603 anima

167 2639 208 2697 sit
222 2640 302 2697 salus
314 2660 368 2717 per
381 2643 507 2699 eundem
522 2642 677 2700 Christum
691 2641 858 2699 Dominum
870 2646 1015 2698 nostrum.

231 2752 364 2810 Oremus.
410 2752 521 2811 Oratio.

228 2848 319 2921 Deus,
339 2849 392 2925 qui
411 2855 577 2925 peccatores
598 2856 629 2908 et
648 2851 792 2909 scelerum
813 2869 902 2908 onere
922 2849 1072 2925 depressos
1092 2846 1295 2906 sacerdotibus
1315 2848 1376 2906 tuis

167 2946 320 3004 ostendere
336 2945 472 3020 jussisti:
495 2947 585 3018 Deus,
608 2947 661 3023 qui
682 2947 833 3024 discipulis
853 2946 923 3018 tuis,
945 2951 981 3003 ut
1000 2946 1076 3003 bene
1095 2944 1250 3017 haberent,
1272 2964 1380 3003 manus

166 3063 255 3121 super
268 3045 400 3101 infirmos
414 3063 523 3119 ponere
536 3045 721 3121 praecepisti:
748 3045 840 3117 Deus,
856 3044 910 3121 qui
924 3063 976 3120 per
989 3042 1136 3120 apostolos
1156 3047 1224 3100 tuos
1244 3041 1379 3101 infirmos

165 3161 248 3200 sacro
267 3143 330 3200 oleo
351 3161 460 3219 ungere
475 3149 506 3200 et
519 3163 572 3220 pro
586 3143 629 3200 eis
643 3163 726 3201 orare
741 3143 886 3201 docuisti:
912 3141 1003 3214 Deus,
1019 3141 1072 3217 qui
1089 3159 1143 3216 per
1155 3139 1379 3216 impositionem

165 3257 270 3296 manus
283 3241 470 3297 sacerdotum
482 3260 550 3298 cum
571 3241 619 3298 tui
632 3241 727 3298 sancti
741 3241 871 3298 nominis
892 3238 1082 3296 invocatione
1102 3241 1222 3313 peccata
1242 3236 1378 3295 relaxare

165 3334 287 3392 voluisti
296 3356 305 3408 3
326 3337 434 3394 exaudi
456 3339 605 3396 orationes
626 3343 751 3410 nostras,
775 3343 807 3394 et
831 3337 869 3394 da
892 3336 962 3393 huic
983 3334 1096 3393 famulo
1115 3340 1170 3405 tuo
1190 3333 1377 3393 infimitatis

165 3449 245 3488 noxa
258 3451 395 3508 oppresso
406 3453 458 3509 per
466 3434 522 3492 hoc
532 3454 648 3492 sacrum
662 3433 848 3510 mysterium,
859 3432 939 3509 quod
953 3450 1007 3489 nos
1017 3428 1145 3488 famulos
1155 3433 1223 3486 tuos
1237 3427 1377 3504 indignos
1405 3416 1409 3423 ¹

165 3546 251 3603 agere
276 3529 405 3602 voluisti,
431 3531 633 3589 remissionem
654 3531 787 3588 omnium
818 3534 1005 3606 peccatorum
1017 3548 1025 3600 3
1055 3527 1198 3604 quatinus
1223 3544 1277 3601 per
1300 3524 1377 3582 hauc

164 3623 223 3682 olei
243 3626 349 3682 sacrati
362 3626 533 3684 unctionem
554 3633 585 3685 et
605 3627 743 3704 Corporis
756 3646 790 3684 ac
805 3625 965 3702 Sanguinis
980 3624 1026 3682 tui
1045 3622 1266 3700 perceptionem
1285 3627 1377 3698 atquc

164 3740 271 3780 manus
290 3729 400 3781 nostrae
420 3725 641 3800 impositionem
661 3730 768 3782 cuncta
792 3723 821 3780 ei
844 3724 977 3780 facinora
997 3720 1100 3779 Sancti
1121 3719 1252 3796 Spiritus
1278 3718 1377 3795 gratia

163 3819 344 3894 relaxentur,
369 3821 513 3879 sanitates
537 3822 644 3879 animae
665 3827 696 3879 et
716 3820 846 3897 corporis
866 3821 1087 3890 restituentem
1110 3810 1227 3879 utnon
1256 3814 1324 3892 plus
1345 3813 1375 3872 ci

162 3926 268 3977 noceat
281 3920 460 3978 conscientia
472 3925 572 3977 reatus
585 3920 632 3978 sui
646 3919 684 3976 ad
696 3939 821 3995 poenam,
832 3938 921 3996 quam
929 3915 1117 3993 indulgentia
1129 3920 1161 3972 et
1174 3911 1374 3971 reconciliatio

162 4015 342 4075 adveniam.
383 4016 442 4074 Per
455 4016 610 4074 Christum
623 4017 789 4074 Dominum
802 4022 945 4074 nostrum.
988 4015 1097 4072 Amen.

223 4129 258 4188 Si
272 4131 435 4206 Episcopus
456 4130 546 4200 adest,
569 4129 699 4188 absoluat
721 4131 876 4205 infirmum
898 4138 925 4188 et
945 4127 1025 4188 dicat
1046 4127 1101 4184 bas
1121 4124 1274 4184 orationes.
1317 4121 1373 4183 sia

161 4233 268 4298 annin,
284 4227 423 4286 Sacerdos
435 4227 494 4285 bac
508 4225 654 4303 compbeat.
700 4226 810 4286 Oratio.

221 4333 369 4393 Dominus
382 4335 405 4393 J
405 4355 471 4399 esus
486 4335 623 4393 Christus
643 4335 723 4413 apud
736 4342 767 4395 te
785 4336 833 4410 sit,
847 4341 883 4394 ut
896 4341 927 4394 te
947 4304 1107 4406 deiendat5
1127 4331 1209 4389 intra
1229 4334 1260 4387 tc
1273 4328 1323 4403 sit,
1336 4334 1373 4387 ut

158 4439 190 4495 u
203 4432 316 4491 reficiat
327 4454 337 4507 ;
357 4433 435 4492 circa
448 4439 479 4492 te
493 4433 543 4507 nit,
557 4439 594 4492 ut
606 4439 639 4493 to
651 4442 804 4494 conservet
815 4456 825 4510 ;
846 4441 916 4494 ante
929 4435 966 4493 de
979 4434 1029 4506 sit,
1043 4438 1080 4491 ut
1092 4437 1124 4490 te
1137 4430 1286 4503 deducat3
1305 4430 1373 4507 post
