2850 4800
108 298 169 363 96⁴
456 285 802 352 Murtualeodusurn
815 284 956 351 Sarum.

106 458 188 517 omni
208 455 326 512 vinculo
347 451 658 511 excommunicationis
679 450 797 526 majoris
810 470 901 526 quem
914 448 1083 509 incurristi
1095 470 1155 529 pro
1174 452 1312 523 tetinero.

108 536 293 613 esprimrnile
316 534 393 591 illrul
404 531 526 608 saetzun
546 532 582 589 in
604 530 730 605 speciali,
750 538 782 589 et
801 530 995 589 restituimus
1015 536 1049 589 te
1072 532 1275 591 communioni
1289 538 1314 589 et

107 615 327 693 participationi
341 613 478 669 Ecclesise
491 619 522 668 et
545 612 679 668 onmium
692 610 824 668 fidelium
843 616 874 667 et
886 609 1106 669 ecclesiasticis
1129 610 1312 671 menne

109 698 148 754 In
161 696 281 751 nomine
296 693 404 763 Patris,
418 698 449 749 ot
462 692 541 763 Filii,
556 698 587 748 et
601 690 731 766 Spiritus
745 690 854 747 Sancti
896 690 1011 748 Amen.

170 774 271 831 Multa
284 773 331 829 lic
339 774 437 847 positu
450 791 510 829 non
524 780 593 828 sunt
606 772 641 827 cle
654 769 776 829 essentia
794 768 990 829 absolutionis
1003 772 1058 829 secl
1074 772 1114 829 cle
1129 770 1199 831 bene
1211 772 1314 831 esses'et
1353 816 1355 823 .

105 863 262 933 ponimtur
275 854 321 909 liic
335 854 375 909 iul
391 851 606 909 instructionem
627 850 805 925 simplicium
817 848 1020 909 Sacerdotem
1040 882 1045 889 ·
1070 850 1227 922 Quartum
1237 850 1315 945 repui-

111 936 202 995 situne
222 942 271 1004 est,
286 934 363 1007 quoii
377 931 522 989 ‹ubsolrens
530 940 598 1006 post
610 930 815 988 absolutionem
827 929 974 1005 irp'uu'pat
982 930 1126 991 absoluto
1139 922 1314 991 mumulo

112 1016 263 1073 raiaruluta.
321 1012 402 1069 Nam
428 1012 455 1067 si
486 1009 705 1067 irrationabilia
730 1008 902 1085 injuuperet,
932 1018 1034 1084 posset
1072 1008 1233 1087 appellare
1266 1010 1313 1067 -ΕΙ

111 1096 261 1153 scieiuluue
275 1102 315 1149 cst
328 1092 406 1165 quod
418 1092 453 1148 in
461 1090 611 1165 prceclictis
624 1110 685 1147 uon
697 1089 871 1163 intellipitur
884 1088 1035 1147 absolvens
1049 1090 1160 1149 illicite
1173 1088 1313 1169 cunnensi-

114 1195 177 1234 care
202 1193 267 1231 ciem
286 1172 527 1229 incommunicato
539 1194 549 1229 :
569 1171 618 1227 secl
635 1169 711 1227 licite
720 1167 809 1244 feeit,
832 1167 904 1243 quio
924 1168 986 1227 liaee
1007 1170 1053 1227 ad
1072 1164 1312 1231 inueniuntur

107 1254 264 1333 pertineat,
279 1262 305 1309 et
321 1252 352 1307 in
365 1250 411 1307 liis
425 1250 538 1308 liciturn
551 1258 591 1307 est
604 1269 671 1307 oum
690 1248 942 1307 eueommecnieutis
955 1250 1186 1310 communicare
1200 1268 1312 1327 saeper-

114 1334 242 1409 ticipare‚
257 1352 307 1389 nec
319 1331 491 1388 sententiani
504 1330 637 1388 incurrit.
918 1360 921 1365 ·
1107 1366 1112 1375 -
1298 1366 1302 1371 -

174 1413 254 1469 Nota
267 1413 344 1485 quod
364 1411 606 1467 cncouimunicuto
625 1430 645 1465 a
665 1427 772 1466 airuns
785 1408 820 1465 iu
838 1426 896 1465 suu
914 1406 1106 1468 absolutione
1121 1408 1312 1487 principaliter

113 1492 328 1567 iujunpuulinu
343 1500 391 1562 cst,
406 1490 458 1547 sub
465 1489 635 1564 jurarunto
648 1508 701 1545 suo
710 1489 788 1562 quoil
801 1496 901 1545 eontra
911 1506 1057 1547 canonem
1065 1490 1161 1548 ellum
1174 1488 1311 1565 nunquan

116 1573 232 1630 neseiat:
264 1571 392 1627 uidelicet
421 1568 610 1640 inoerediario,
635 1568 713 1642 quoi
738 1586 892 1641 uunquam
918 1566 1073 1640 incendat,
1105 1570 1172 1629 uisi
1198 1570 1233 1627 in
1246 1568 1311 1627 lello

108 1651 209 1728 juste·
233 1658 259 1707 et
273 1649 439 1725 percussori
456 1648 558 1721 cleriei,
578 1650 656 1722 qnod
673 1667 828 1722 nunquam
843 1647 993 1723 percutiat
1012 1644 1139 1707 nisi'e'r'e
1150 1666 1233 1709 'eune
1250 1647 1312 1707 lietu

116 1741 142 1790 et
166 1731 210 1787 ita
234 1732 268 1787 ile
288 1730 439 1787 sinu'lilus.
486 1728 528 1785 In
548 1728 723 1803 quibusdam
749 1736 846 1785 autem
867 1726 1033 1801 requiritur
1058 1730 1166 1789 caut-io
1193 1726 1312 1805 produ

117 1821 204 1870 cetero
220 1810 291 1867 tedia
306 1829 365 1866 uon
379 1808 478 1877 pictae.

177 1890 273 1948 *Item
287 1889 404 1963 querendo
415 1887 677 1945 interempturus
686 1887 792 1946 lebetes
797 1886 916 1963 justum
929 1886 1228 1961 irnpedimeutumm
1235 1886 1313 1965 possit

116 1972 244 2030 accedere
262 1972 303 2026 (eil
321 1989 386 2025 enin
407 1990 427 2024 a
447 1988 503 2041 quo
527 1968 561 2025 de
574 1968 644 2042 jure
655 1967 736 2041 firret
756 1966 951 2038 absolvendus,
973 1974 1001 2023 et
1014 1977 1146 2043 propter
1160 1968 1314 2045 perieulum

117 2052 218 2109 neortis
231 2049 274 2107 rel
286 2049 371 2105 alirul
384 2048 477 2105 sirnile
491 2047 648 2105 absolvitur
661 2046 697 2104 ab
711 2067 742 2106 eo
756 2048 808 2121 qui
820 2046 897 2104 alim
909 2066 976 2104 eum
989 2046 1138 2107 absoluere
1151 2070 1218 2109 nou
1225 2055 1313 2127 must,

117 2129 332 2206 irp'unpcncluue
342 2136 381 2184 est
395 2128 421 2184 ci
433 2137 475 2198 ut,
491 2147 580 2201 quarn
594 2127 649 2185 cito
664 2128 779 2202 poterit,
794 2146 823 2185 se
831 2134 985 2202 presentet
1000 2126 1028 2184 ei
1040 2128 1100 2201 qui
1112 2128 1231 2205 dejure
1243 2120 1315 2187 abal

117 2230 179 2269 uere
200 2209 297 2267 debent
321 2207 364 2264 vel
388 2209 599 2276 corisuetuiliue
616 2216 782 2282 recepturus
801 2207 945 2264 ireamlatu
960 2205 1022 2281 p‘us
1043 2215 1073 2264 et
1094 2202 1315 2283 satisfheluruu

120 2311 192 2347 rearn
210 2290 296 2346 aliter
315 2287 450 2344 reinciil't
469 2287 502 2343 in
524 2288 644 2345 senadern
657 2288 836 2345 emeritum.
878 2286 920 2344 Et
932 2286 1029 2343 eodem
1044 2288 1139 2346 modo
1157 2290 1316 2349 reincidunt

119 2370 244 2429 absoluti
257 2390 276 2425 a
290 2369 352 2425 seete
366 2367 523 2442 apostoliea
536 2367 579 2423 uel
591 2388 611 2423 a
625 2367 725 2441 tepetis
738 2366 865 2443 ejusdem
877 2366 961 2438 seclis,
973 2365 1083 2440 quibem
1097 2367 1132 2425 in
1147 2368 1318 2427 absolutione

122 2449 290 2526 irp'unpitur
300 2456 332 2504 ut
344 2447 495 2504 ordinario
506 2446 550 2503 rel
559 2446 644 2504 alteri
654 2466 682 2505 ss
686 2455 859 2523 presentent
867 2465 926 2521 pro
935 2444 1116 2520 punitentia
1129 2448 1317 2527 eucapiae,

119 2541 145 2588 et
173 2530 250 2604 quod
273 2527 460 2601 satisfaciant
483 2526 629 2601 iujuriam
646 2527 753 2602 passis,
778 2536 804 2585 et
824 2526 875 2584 lieo
896 2545 957 2582 nou
971 2524 1102 2599 faciunt
1125 2528 1321 2603 quamcitius

120 2608 261 2669 collemate
270 2614 416 2683 poterunt.
458 2606 534 2664 Item
547 2606 573 2663 si
586 2607 653 2680 quis
665 2607 815 2665 absolverit
828 2606 956 2680 aliquem
968 2606 1003 2662 de
1013 2604 1105 2679 secto
1118 2608 1158 2667 ah
1173 2626 1320 2669 mummu-

119 2690 263 2748 nicatione
277 2709 297 2745 a
311 2707 369 2761 qua
384 2684 494 2761 dejure
507 2705 568 2743 non
583 2686 681 2761 potuit
695 2687 843 2757 absoluere,
858 2706 923 2743 ciera
943 2684 994 2743 loo
1007 2684 1145 2760 advertit,
1163 2698 1278 2747 terutur
1287 2686 1322 2745 sie

119 2770 285 2827 absolutum
299 2766 453 2840 certificare
467 2767 501 2823 de
514 2786 608 2823 errore
621 2786 681 2836 seio,
696 2775 722 2823 et
735 2765 880 2824 consulere
893 2765 971 2840 quod
988 2764 1126 2841 imponet
1144 2768 1209 2827 sibi
1221 2768 1320 2829 alwit-

121 2851 227 2908 tionem
240 2849 276 2905 ab
290 2868 320 2905 eo
334 2847 387 2920 qui
400 2845 513 2920 dejure
527 2846 666 2904 absolvere
675 2855 773 2921 potest.

121 2999 464 3059 BENEDIOTIONES
485 2998 789 3059 EPISOOPORUM
817 2999 869 3057 ΕΤ
890 2954 1320 3063 SUFFRAGANEORUM.

508 3111 721 3170 Ooumnnnrro
743 3112 924 3171 Pusnonun.

182 3216 224 3272 Iu
232 3215 341 3289 primis
355 3215 435 3272 (licat
447 3215 628 3292 Episcopus:

183 3295 377 3370 Acljuton'unr
392 3301 527 3352 nostrum
541 3296 705 3354 innomine
719 3295 849 3353 Domini.

184 3376 231 3432 Sit
244 3393 352 3430 nomen
366 3376 489 3431 Domini
503 3376 699 3432 benedictum.

184 3455 331 3512 Dominus
344 3455 504 3513 vobiscum.
547 3456 589 3512 Et
602 3476 670 3523 cum
683 3456 792 3533 spiritu
805 3462 864 3513 tuo.

185 3536 318 3593 Oremus
363 3534 471 3592 Oratio.

185 3616 380 3691 Omnipotens
412 3616 589 3689 sempiterne
625 3616 715 3686 Deus,
754 3615 807 3692 qui
832 3632 1002 3692 regenerare
1040 3614 1187 3689 dignatus
1214 3638 1246 3679 es
1273 3618 1319 3675 hin

123 3697 249 3754 famulos
269 3704 336 3752 tuos
350 3715 388 3751 cx
401 3714 477 3770 aquo
491 3700 522 3752 et
536 3695 650 3770 Spiritu
671 3696 788 3767 Sancto,
804 3696 913 3772 quique
932 3693 1041 3752 dedisti
1060 3697 1105 3753 eis
1125 3700 1318 3759 remissionem

123 3777 257 3835 onmium
280 3781 485 3850 pcccatorum:
517 3775 646 3832 immitte
666 3775 767 3833 ineos
788 3775 988 3850 septiformem
1013 3774 1166 3851 Spiritum
1188 3780 1318 3839 Sanctum

125 3856 309 3914 Paraclitinn
323 3854 358 3911 de
373 3854 458 3910 culis.
501 3856 608 3911 Amen.

185 3936 329 4011 Spiritum
344 3933 495 4008 sapientise
509 3940 539 3990 et
552 3934 727 3991 intellectus
770 3935 878 3994 Amen.

186 4015 331 4090 Spiritum
344 4014 473 4071 scientim
488 4019 518 4070 et
531 4013 658 4089 pictatis.
699 4014 807 4072 Amen.

186 4095 331 4169 Spiritum
345 4092 460 4150 consilii
473 4098 503 4149 et
516 4093 708 4151 fortitudinis.
724 4093 765 4173 ᾧ
778 4096 885 4152 Amen.

187 4175 227 4231 Et
241 4174 330 4249 imple
345 4193 392 4230 eos
406 4173 512 4249 spiritu
526 4173 642 4230 timoris
656 4175 786 4232 Domini.
802 4173 843 4253 ᾧ
857 4176 964 4233 Amen.

126 4294 197 4303 —-..

287 4344 306 4379 'i
318 4345 380 4402 The
394 4364 468 4421 copy
481 4345 515 4402 of
525 4345 576 4403 the
590 4346 712 4424 Pynson
727 4348 849 4406 Edition
863 4366 1078 4407 recommences
1091 4350 1177 4411 here.
1359 4349 1364 4444 l

1361 4446 1364 4493 l
