2866 4846
108 289 188 358 178*
325 281 468 348 Ordines
489 277 667 344 Unctiour's
681 279 846 343 Eetreruoe
861 283 891 343 et
905 278 1145 364 Sepulturce„
1349 37 1367 361 i,

110 453 189 528 apud
210 457 240 508 te
257 447 472 525 justificabitur
492 445 589 516 homo,
604 444 664 501 nisi
685 449 788 520 perte
809 444 947 501 omnium
970 451 1179 520 peecatorum
1200 445 1331 504 tribuatur
1352 364 1367 493 l

110 533 250 590 remissio,
283 530 353 586 Non
381 547 449 603 ergo
477 546 546 583 eum
573 532 635 594 tua,
659 532 836 600 quaesumus,
855 525 1018 600 judicialis
1042 528 1206 585 sententia
1225 534 1328 603 premat,

112 632 201 688 quem
227 611 285 667 tibi
309 628 379 665 vera
408 607 585 682 supplicatio
613 606 683 662 fidei
710 606 887 662 Christianae
912 608 1122 664 commendat
1133 628 1143 680 3
1176 607 1229 664 sed
1253 607 1330 684 gratis

112 701 166 750 tua
180 692 225 748 illi
241 694 438 758 succurrente,
454 693 604 742 mereatur
617 686 741 743 eradere
756 687 768 761 j
795 686 905 743 dicium
919 687 1059 745 ultionis
1074 687 1133 763 qui
1147 687 1223 745 dum
1235 690 1330 746 vireret

113 773 273 848 insignitus
287 776 332 826 est
345 767 494 844 signaculo
508 766 674 824 Trinitatis,
718 765 777 823 Per
791 766 969 824 Dominum.
1361 758 1369 907 ι

1367 912 1376 953 ’1

1366 1064 1371 1085 Ι

175 852 254 908 Alie.
312 851 381 918 Fac,
402 867 577 923 quaesumus,
601 847 740 918 Domine,
766 847 841 904 hane
867 867 937 904 eum
960 867 1053 905 servo
1081 853 1140 906 tuo
1169 849 1212 907 ill.
1239 849 1330 906 miscri-

115 933 254 1002 cordiam,
270 941 296 987 et
311 939 400 987 cetera
414 938 448 984 ut
462 948 562 1002 srqrru,
577 947 603 1002 p.
622 928 668 984 94.

176 1012 256 1068 Alie.
300 1010 426 1080 Inclina,
440 1009 576 1078 Domine,
592 1027 694 1064 aurem
708 1014 799 1078 tuam,
815 1016 841 1064 et
855 1015 950 1065 cetera
964 1017 1002 1065 ut
1015 1029 1131 1084 supra,
1148 1029 1177 1085 p.
1196 1010 1242 1067 64.

177 1091 257 1147 Alia.
301 1091 442 1159 Absolve,
459 1089 597 1159 Domine,
612 1088 750 1160 animam,
766 1098 792 1145 et
806 1097 897 1145 cetera
910 1097 947 1145 ut
961 1109 1075 1164 supra,
1093 1110 1122 1166 p.
1143 1091 1193 1148 58.

178 1172 259 1227 Alia.
304 1171 416 1225 Annus
436 1169 530 1239 nobis,
546 1169 682 1241 Domine,
699 1174 734 1225 ut
753 1169 852 1225 anima
872 1169 984 1226 famuli
1005 1171 1058 1226 tui
1082 1170 1328 1229 inremissionem

117 1272 206 1328 quam
220 1269 334 1323 semper
347 1249 472 1323 optavit,
488 1254 637 1305 mereatur
650 1249 798 1325 percipere
812 1255 1013 1324 peccatorum.
1064 1250 1137 1308 Per.

181 1330 340 1388 Orationes
348 1330 467 1402 quaudo
482 1329 642 1403 inceperint
656 1349 759 1404 eorpus
772 1329 879 1387 lucare.

180 1411 308 1484 Suscipe,
324 1409 463 1480 Domine,
478 1410 619 1483 animam,
635 1419 661 1467 et
675 1419 765 1467 cetere
778 1418 812 1466 ut
825 1430 927 1485 supra,
944 1429 973 1485 p.
993 1409 1064 1468 58&

179 1491 271 1561 Deus,
286 1489 338 1564 qui
347 1490 439 1564 justis
453 1490 726 1564 supplicationibus,
742 1499 768 1546 et
782 1498 873 1547 cetere
886 1499 921 1546 ut
934 1509 1044 1565 supra,
1062 1511 1095 1567 p.
1115 1493 1186 1551 101.

181 1572 271 1641 Deus,
287 1571 357 1625 vitae
372 1570 465 1640 dator,
482 1579 508 1626 et
522 1579 613 1627 cetera
627 1580 661 1626 ut
675 1591 767 1646 supru
780 1570 850 1627 ibid.
1373 1556 1377 1652 l

180 1663 220 1719 Er
230 1672 297 1737 post
311 1661 484 1718 locutionem
500 1663 636 1736 corporis,
652 1663 801 1736 deseratur
813 1664 848 1719 in
862 1663 1022 1736 ecclesiam,
1039 1685 1115 1724 cum
1129 1664 1297 1741 Autquwuis
1307 1672 1326 1720 rt

120 1743 337 1820 Resporrsoriis:
352 1750 377 1798 et
393 1762 458 1798 curn
473 1742 776 1816 adpropinquaverint
788 1743 931 1816 Ecclesice,
947 1753 1075 1804 cautent
1090 1746 1260 1804 Psalmum:

181 1825 323 1881 Miserere
337 1823 405 1893 mei,
421 1822 503 1878 Deus
514 1831 539 1879 et
554 1823 650 1897 Kyrie
664 1824 788 1899 eleyson.
832 1822 925 1880 Pater
936 1830 1053 1884 noster.

182 1905 254 1961 Non
268 1905 361 1959 intres
378 1903 409 1957 in
419 1903 579 1976 judicium.

184 1985 278 2041 Credo
293 1984 393 2038 ridere
408 1983 527 2038 bonum.

183 2066 215 2120 A
230 2070 315 2138 porta
330 2063 428 2118 inferi.

183 2145 364 2219 Requiescat
378 2143 411 2197 in
425 2162 503 2217 pace.
547 2142 655 2199 Amen.

184 2225 316 2280 Oremus.
362 2223 491 2297 Suscipe,
509 2224 646 2294 Domine,
662 2243 780 2280 servum
794 2230 890 2298 tuum,
906 2233 932 2283 et
946 2233 1042 2285 cetera
1064 2237 1103 2286 ut
1118 2248 1223 2305 supra,
1237 2248 1264 2306 p.
1280 2226 1332 2285 60?

183 2305 262 2360 Alie.
307 2304 397 2373 Deus,
413 2304 466 2377 qui
487 2304 684 2360 humanarum
706 2305 880 2374 animarum,
896 2314 922 2362 et
943 2315 1040 2364 cetera
1053 2317 1093 2366 ut
1115 2329 1218 2385 supra,
1234 2329 1262 2386 p.
1278 2308 1334 2365 101.

183 2397 225 2453 Iu
257 2396 386 2452 Ecclesia
411 2404 508 2451 arerem
536 2397 693 2470 requiescet
717 2417 820 2472 corpus
852 2397 996 2471 deffuucti,
1021 2421 1182 2477 quousque
1204 2421 1261 2478 pro
1286 2399 1338 2476 ejus

124 2477 229 2535 urrinni
250 2476 346 2532 Missa
371 2474 532 2546 celebretur,
560 2486 586 2532 et
608 2476 749 2549 offeretur
773 2478 808 2534 ub
830 2479 966 2535 carnibus
985 2481 1101 2553 quibus
1126 2484 1227 2540 uisum
1241 2481 1337 2555 firmil.

124 2561 194 2698 gost
209 2558 334 2692 Missurp
353 2565 451 2612 eutem
468 2565 526 2613 stet
544 2556 683 2614 Sacerdos
692 2557 785 2633 juxta
793 2558 950 2633 feretrum,
966 2561 1022 2618 ubi
1039 2581 1154 2638 corpus
1166 2572 1216 2636 est,
1232 2571 1259 2621 et
1271 2561 1340 2620 dicat

153 2639 297 2696 rationem
321 2655 410 2693 runc:

188 2733 321 2788 Oremus.
349 2730 571 2804 Omnipotentis
590 2731 649 2788 Dei
663 2732 893 2789 misericordiam
908 2732 1115 2809 deprecemur,
1133 2738 1223 2812 eujus
1238 2735 1341 2812 judicio

126 2820 179 2870 aut
192 2814 342 2868 nascimur
360 2816 414 2866 aut
434 2810 564 2882 finimur,
587 2817 623 2867 ut
642 2813 781 2886 spiritum
798 2814 898 2870 fratris
916 2815 1015 2870 nostri
1033 2815 1089 2887 ill,
1114 2835 1208 2892 quem
1229 2815 1343 2875 Domini

126 2895 221 2969 pietas
244 2893 280 2947 dc
301 2891 432 2948 incolatu
452 2890 542 2965 hujus
564 2893 670 2947 mundi
690 2893 816 2949 transire
839 2895 989 2969 praecepit,
1010 2897 1137 2970 requies
1161 2904 1276 2955 aeterna
1291 2914 1343 2953 sus·

128 2975 226 3048 cipiat,
247 2979 277 3028 et
299 2992 366 3028 cum
384 2972 470 3026 beata
489 2973 703 3029 resurrectione
724 2979 924 3048 repraesentet,
948 2980 979 3031 et
1001 2975 1036 3032 in
1059 2977 1182 3035 sinibus
1209 2976 1342 3042 Abrahce

128 3055 211 3110 Isaac
226 3059 256 3108 ot
270 3053 364 3109 Jacob
379 3051 519 3107 collocare
533 3053 678 3124 dignetur.
723 3053 788 3110 Per.

190 3146 330 3218 nequitur
344 3144 580 3216 Ir'espousorium.

192 3237 362 3304 Subvenite,
379 3236 474 3290 suncti
489 3236 565 3293 Dei:
587 3239 739 3309 occurrite,
754 3238 852 3314 angeli
863 3238 996 3312 Domini,
1009 3228 1214 3318 suscipientes
1222 3243 1342 3300 animam

131 3321 203 3394 ejus,
219 3317 374 3372 offerentes
389 3333 452 3369 cam
467 3315 499 3370 in
513 3325 670 3392 conspectu
683 3319 841 3376 Altissimi.

137 3412 167 3470 V.
192 3409 338 3484 Requiem
352 3412 493 3463 aeternam
508 3410 586 3466 dona
596 3410 631 3482 ei,
645 3411 783 3484 Domine,
795 3417 826 3468 et
836 3412 890 3467 lux
903 3416 1050 3488 perpetua
1060 3413 1165 3472 luceat
1179 3415 1216 3474 ei
1260 3414 1344 3472 Oll'cr·

134 3497 224 3549 entes.

194 3573 235 3628 Et
250 3580 305 3628 tres
319 3569 393 3628 uices
406 3572 502 3630 dices:
525 3571 622 3645 Kyric
637 3572 761 3646 eleyson.
805 3571 939 3628 Oremus.

195 3653 295 3708 Deum
308 3651 439 3726 judicem
454 3652 667 3722 universitatis,
678 3654 778 3708 Deum
792 3653 952 3710 caelestium
967 3657 997 3710 et
1010 3654 1209 3713 terrestrium
1221 3662 1254 3714 et
1267 3655 1348 3712 infer-

136 3753 251 3801 norum,
277 3733 467 3807 deprecemur
494 3751 547 3808 pro
572 3732 679 3807 spiritu
704 3733 765 3789 cari
794 3733 890 3790 nostri
911 3733 964 3803 ul,
986 3739 1022 3790 ut
1048 3753 1119 3791 eum
1148 3736 1301 3794 Dominus
1319 3735 1348 3791 in

135 3815 267 3889 requiem
288 3814 428 3870 collocare
447 3815 595 3889 dignetur,
611 3819 641 3869 et
661 3813 694 3868 in
714 3819 798 3889 parte
817 3815 918 3890 primae
939 3814 1171 3873 resurrectionis
1186 3817 1347 3875 resuscitet.

137 3895 202 3950 Per.

196 3973 337 4047 Sequitur
351 3975 476 4031 alterurn
490 3974 718 4048 Resporrsoriuru
727 3995 736 4030 .·

199 4054 271 4109 Heu
293 4055 375 4124 mihi,
395 4055 532 4124 Domine,
548 4055 618 4129 quia
638 4055 757 4130 peccavi
778 4055 867 4112 nimis
888 4055 921 4111 in
939 4054 1003 4111 vita
1019 4075 1095 4114 mea.
1143 4056 1229 4128 Quid
1249 4058 1350 4116 faciani

136 4135 242 4191 nriscrl
277 4133 337 4190 Ubi
351 4135 463 4210 fugiam
471 4135 529 4190 nisi
538 4135 575 4191 ad
586 4135 710 4207 te,Deus
721 4136 820 4193 meusl
847 4136 989 4194 Miserere
1003 4136 1071 4210 mei,
1089 4137 1178 4196 Dum
1192 4139 1310 4197 veneris
1322 4138 1350 4193 in

137 4215 298 4270 novissimo
313 4215 367 4270 die.

142 4293 170 4350 V.
194 4294 308 4384 Anima
329 4314 394 4352 mea
416 4297 537 4354 turbata
562 4303 606 4354 est
620 4296 706 4354 valde
729 4297 779 4354 sed
800 4303 843 4370 tu,
868 4297 1005 4370 Domine,
1029 4317 1174 4359 succurre
1194 4300 1231 4360 ei
1276 4300 1352 4357 Dum

137 4391 261 4430 veneris.
