2850 4800
171 292 191 355 6
427 286 515 353 Ordo
536 286 584 353 cd
606 285 887 353 caeeoeemeaa
908 285 1126 354 Faciendum.

233 467 368 528 Oramus,

230 564 337 622 Preces
368 568 493 636 nostras,
522 583 700 640 quaesumus,
725 563 862 637 Domine,
885 563 1047 623 clementer
1074 563 1184 621 exaudi
1195 583 1206 637 ;
1241 571 1272 623 ct
1300 566 1379 627 hunc

170 662 296 721 electum
317 667 404 718 tuum
418 660 458 718 Ν.
475 659 789 740 cmrcisffldominicae,
804 661 889 738 cujus
912 660 1104 738 impressione
1127 681 1197 719 eum
1218 662 1378 739 signamus,

169 758 283 817 virtute
297 758 420 830 custodi,
436 762 471 813 ut
484 758 699 834 magnitudinis
715 757 816 833 gloriae
830 757 1001 815 rudimenta
1014 776 1135 816 servans
1148 777 1203 834 per
1215 760 1379 819 aristodium

170 855 378 914 mandatorum
401 859 523 911 tuorum
556 853 594 911 ad
616 853 848 930 regenemtionis
881 852 1009 930 gratiam
1035 854 1192 930 pervenire
1218 862 1375 916 mereatur.

170 952 229 1010 Per
242 951 397 1009 Christum
411 950 576 1007 Dominum
594 957 736 1007 nostrum.
779 949 890 1008 Amen.

233 1048 367 1107 Oremus.

232 1143 322 1217 Deus,
338 1143 391 1218 qui
410 1141 534 1199 humani
548 1141 663 1219 generis
683 1141 728 1198 ita
741 1161 772 1199 es
792 1141 938 1215 conditor,
951 1146 987 1199 ut
1007 1142 1048 1200 sis
1068 1142 1159 1200 etiam
1180 1143 1376 1219 reformator;

170 1242 340 1320 propitiare,
365 1258 543 1316 qrraesumus,
564 1238 682 1315 populis
711 1238 869 1315 adoptivis,
891 1245 922 1297 et
946 1258 1025 1298 novo
1044 1244 1225 1298 testamento
1248 1238 1377 1299 sobolem

169 1357 254 1396 novae
276 1337 367 1414 prolis
389 1336 509 1406 ascribe,
532 1339 567 1391 ut
588 1334 643 1391 filii
662 1334 864 1410 promissionis
884 1335 964 1411 quod
988 1354 1049 1392 non
1072 1340 1237 1412 potuemmt
1262 1338 1377 1413 assequi

169 1452 222 1509 per
232 1439 380 1503 naturam,
393 1430 541 1507 gaudeant
552 1448 582 1486 se
592 1429 734 1506 recepisse
744 1449 797 1506 per
806 1430 940 1507 gratiam.
977 1430 1037 1487 Per
1048 1431 1202 1489 Christum
1212 1431 1376 1493 Dominum

170 1538 314 1590 nostrum.
357 1529 466 1586 Amen.

229 1625 395 1684 Benedictio
409 1624 480 1682 seclis
493 1623 556 1682 sicce
570 1622 718 1679 Dominus
730 1623 925 1683 vobiscumet
938 1624 1000 1683 siae
1014 1624 1147 1684 Oremus.

230 1723 373 1781 Exoreizo
383 1729 422 1795 te,
433 1728 567 1779 creatura
577 1722 655 1794 salis,
665 1721 698 1776 in
707 1721 827 1778 nomine
845 1719 948 1801 Dei›1‹
957 1722 1057 1780 Patris
1065 1722 1289 1798 omnipotentis,
1302 1729 1333 1783 et
1343 1725 1375 1783 in

168 1820 292 1878 caritate
302 1818 425 1877 Domini
434 1818 529 1875 nostri
539 1818 561 1874 J
563 1837 613 1874 esu
623 1817 737 1874 Christi
747 1822 778 1873 et
791 1817 824 1873 in
832 1816 946 1875 virtute
955 1817 1084 1895 Spiritus
1094 1818 1205 1876 Sancti
1232 1820 1376 1879 Exercizo

168 1924 199 1976 te
210 1938 263 1995 per
271 1914 525 1992 Deumffloiruuq
536 1913 846 1993 per·Deum›1‹verum,
858 1933 911 1990 per
921 1914 1205 1995 Deumfflsanctum,
1214 1936 1269 1993 per
1277 1917 1374 1975 Deum

168 2013 265 2091 quite
279 2012 316 2069 ad
336 2010 463 2069 tutelam
481 2010 606 2066 humani
625 2011 741 2086 generis
758 2011 932 2086 procreavit,
946 2017 977 2069 et
990 2012 1098 2089 populo
1118 2013 1253 2070 venienti
1266 2013 1305 2071 sd
1319 2032 1376 2072 ere·

63 2116 69 2128 ’
167 2111 326 2169 dulitatem
349 2127 403 2185 per
426 2127 526 2165 servos
554 2126 622 2164 suos
645 2109 809 2165 consecrari
831 2108 979 2184 praecepit,
1005 2114 1041 2166 ut
1063 2109 1097 2166 in
1120 2110 1242 2168 nomine
1265 2118 1373 2169 sanctae

166 2206 325 2265 Trinitatis
339 2205 473 2265 efficiaris
487 2204 616 2262 salutare
629 2210 846 2262 sacramentum
860 2204 898 2263 ad
912 2206 1101 2281 effrrgandum
1114 2206 1277 2266 inimicum
1316 2208 1373 2267 Pro

166 2305 236 2362 inde
249 2323 387 2381 rogamus
400 2310 439 2374 te,
455 2304 585 2360 Domine
599 2302 682 2359 Deus
698 2307 807 2374 noster,
822 2308 858 2360 ut
871 2302 941 2376 haee,
957 2303 1105 2379 Respiciet
1117 2303 1259 2364 Sacerdos
1276 2306 1371 2379 aculem,

166 2408 301 2459 creatura
315 2402 383 2459 salis
397 2401 430 2457 in
443 2400 563 2457 nornine
574 2398 689 2455 Sanctae
700 2397 858 2456 Trinitatis
868 2399 1012 2456 efficiatur
1019 2401 1149 2458 salutare
1156 2408 1372 2461 sacramentum

164 2498 202 2555 ad
216 2498 409 2574 effugandum
421 2498 584 2553 inimicum.
627 2495 724 2564 Quam
734 2501 778 2568 tu,
789 2496 927 2569 Domine,
943 2495 1370 2576 sanctificandofflsanetifiees,

164 2592 363 2650 benedicendo
372 2591 413 2671 ›1‹
422 2590 603 2663 benedicas*
611 2597 646 2648 ut
655 2593 708 2649 fiat
716 2592 854 2649 omnibus
864 2593 1075 2668 accipientibus
1086 2594 1218 2669 perfecta
1227 2596 1370 2655 medicina

165 2708 341 2766 permanens
354 2690 387 2744 in
401 2690 563 2745 visceribus
577 2708 688 2746 eorum.
731 2690 771 2746 In
784 2691 904 2747 nomine
919 2689 1043 2747 Domini
1056 2691 1152 2748 nostri
1164 2691 1187 2749 J
1187 2711 1240 2749 esu
1251 2692 1367 2765 Christi,

167 2786 220 2861 qui
243 2790 388 2841 venturus
412 2790 456 2840 est
475 2784 610 2860 judicare
636 2786 720 2843 viros
742 2791 773 2842 et
800 2792 933 2844 mortuos
960 2792 992 2845 et
1018 2787 1157 2845 saeculum
1181 2807 1236 2864 per
1262 2790 1365 2867 ignem,

166 2881 279 2938 Amen.

227 2974 332 3034 Postea
349 2973 489 3034 Sacerdos
508 2975 663 3052 interroget
682 2996 787 3035 acerete
801 2977 900 3053 precari,
916 2986 942 3036 et
954 2987 1050 3054 peceat
1068 2980 1103 3037 de
1122 2979 1186 3055 epse
1204 2980 1265 3040 sete
1277 2982 1312 3041 ia
1324 2998 1368 3041 ors

166 3071 236 3147 des,
261 3071 306 3129 ite
329 3071 444 3129 diceas:
472 3071 523 3143 N,
544 3072 658 3148 Accipe
683 3073 774 3131 salem
799 3074 959 3150 sapientia,
982 3081 1016 3132 ut
1039 3075 1219 3152 propitiatus
1245 3079 1288 3137 sit
1312 3078 1367 3137 tibi

166 3165 314 3224 Dominus
328 3166 360 3222 in
373 3166 468 3223 vitam
482 3172 632 3225 aeternam.
674 3167 783 3226 Amen.

221 3264 293 3321 Post
306 3262 394 3322 actem
408 3264 512 3321 datum
525 3264 605 3323 <diceet
618 3265 775 3323 Sacerdos:
795 3265 942 3323 Dominus
955 3265 1115 3326 vobiscum.
1158 3268 1293 3329 Oremus,

225 3359 326 3418 Oratio
340 3360 605 3435 supercrescentem
619 3360 809 3435 etseme'aam.
854 3361 962 3421 Oratio.

223 3455 306 3513 Deus
337 3461 457 3532 patrum
488 3463 667 3527 nostrorum,
697 3457 780 3515 Deus
812 3457 958 3515 universae
993 3458 1128 3517 eonditor
1160 3460 1311 3535 veritatis,
1337 3468 1367 3519 te

163 3551 308 3627 supplices
329 3571 484 3611 exoramus
504 3559 540 3610 ut
559 3553 639 3610 hune
652 3553 800 3610 famulum
820 3559 906 3611 tuum
927 3554 967 3612 N,
990 3556 1134 3631 respicere
1154 3556 1286 3633 digneris
1305 3577 1369 3635 pre

162 3646 265 3723 pitius,
290 3653 321 3703 et
345 3647 400 3705 hoc
423 3648 552 3723 primum
576 3648 720 3724 pabulum
743 3648 812 3706 salis
835 3656 1004 3727 gustantem
1027 3670 1088 3708 non
1115 3652 1229 3710 diutius
1258 3654 1368 3713 mutire

162 3743 326 3820 permittere,
361 3744 518 3819 quominus
547 3744 611 3802 cibo
639 3744 796 3820 expleatur
824 3746 934 3804 caelesti
945 3766 955 3819 3
997 3748 1138 3823 quatinus
1168 3748 1209 3807 sit
1244 3768 1367 3829 semper,

163 3836 301 3911 Domine,
330 3839 437 3915 spiritu
464 3839 589 3912 fervens,
615 3860 666 3915 spe
692 3841 832 3917 gaudens,
857 3842 972 3900 nomini
996 3849 1049 3900 tuo
1077 3863 1192 3920 semper
1218 3846 1365 3906 serviens:

163 3936 273 4012 perduc
297 3955 365 3994 eum
392 3936 430 3993 ael
466 3955 551 3993 novae
578 3938 776 4013 generationis
796 3938 955 4013 lavacrum,
985 3946 1021 3997 ut
1047 3960 1115 3998 cum
1142 3942 1281 4002 fidelibus
1307 3944 1369 4003 tuis

163 4034 390 4109 promissionum
404 4038 525 4090 tuarum
538 4039 648 4092 aeterna
661 4035 782 4110 praemia
794 4037 933 4112 consequi
942 4041 1097 4095 mereatur.
1140 4038 1201 4096 Per
1214 4038 1368 4099 Christum

165 4128 331 4187 Dominum
343 4133 486 4188 nostrum.
678 4138 681 4143 '

168 4354 192 4399 di
227 4291 241 4318 ⁸
256 4290 296 4335 sir
305 4289 371 4338 John
381 4290 505 4338 Lauson's
515 4283 832 4365 MS.—“seneti›1‹tcandc
847 4286 1032 4368 sanetiffitlcss,
1045 4286 1250 4370 beneffldiesndc
1264 4290 1368 4373 banael<

193 4358 254 4401 cas.”
