2850 4800
113 288 174 351 46*
458 278 685 345 Moattolead
698 300 803 345 anam
816 279 959 347 Soram.

175 448 300 506 C‘rcdere
319 447 351 503 in
370 466 466 503 unum
484 446 603 502 Deum:
623 445 679 503 hec
696 452 750 517 est,
765 445 798 504 in
816 446 946 505 Unitatc
963 445 1098 507 Divinae
1117 444 1317 509 Essentiaetin

114 528 208 586 trium
222 528 421 584 Personarum
435 525 612 583 indivisibili
625 525 779 583 Trinitate.

174 608 206 683 ij.
231 608 352 664 Patrem
366 606 534 681 ingenitum
549 624 611 663 esso
623 605 729 663 Deum.

175 687 218 762 iij.
242 686 445 762 Unigenitum
458 686 517 743 Dei
530 686 662 745 Filium:
680 705 742 743 esse
752 687 852 744 Deum
861 688 1031 763 peremnia
1040 688 1230 767 coaequalem
1238 686 1317 749 Part

174 768 232 843 iiij,
256 768 400 841 Spiritum
416 767 558 823 Sanctum
577 785 639 823 non
656 767 798 842 genitum,
809 786 870 823 non
883 766 1010 840 factum,
1024 788 1093 827 non
1107 776 1260 829 creatum:
1277 768 1319 827 aad

114 867 134 905 a
146 847 236 905 Patre
251 855 281 904 et
295 847 373 902 Filio
387 846 497 921 pariter
510 846 716 921 procedentem
729 868 736 904 :
756 866 819 905 esse
834 848 932 905 Deum
946 846 1039 905 Patri
1051 850 1200 927 Filioque
1209 848 1318 909 consub-

114 928 293 997 stantialem,
309 928 400 983 etiarn
414 934 444 982 et
458 926 611 1001 aequalem.

175 1029 199 1066 e.
223 1008 410 1065 Crcatiouem
425 1006 488 1062 caeli
502 1012 647 1063 atterite:
670 1007 760 1064 idest
774 1007 869 1064 omnis
882 1007 1014 1065 visibilis
1028 1014 1062 1067 et
1076 1010 1243 1069 invisibilis
1254 1028 1317 1069 eree

114 1096 192 1146 tura:
205 1109 224 1144 a
237 1094 302 1144 tota
316 1086 493 1142 indivisibili
506 1087 661 1143 Trinitate.

174 1169 211 1225 ai.
255 1167 422 1224 Sanctilieal
427 1167 522 1223 ionem
537 1166 674 1223 Ecclesiae
687 1186 739 1242 per
753 1167 899 1243 Spiritum
912 1166 1061 1227 Sanctum
1070 1176 1106 1229 et
1119 1172 1225 1248 gratie
1237 1188 1314 1229 saera

114 1262 224 1319 monta,
233 1268 267 1303 uc
277 1253 381 1303 caetera
393 1247 491 1302 (inania
502 1247 533 1302 in
544 1247 652 1321 quibus
662 1248 860 1304 communicat
870 1247 1002 1305 Ecclesia
1011 1248 1211 1311 Christiana:
1227 1252 1258 1309 in
1265 1268 1313 1325 qna

114 1328 302 1403 intelligitur,
316 1327 395 1401 quod
409 1326 540 1383 Ecclesia
554 1327 707 1384 Catholica
720 1347 788 1383 cum
805 1328 865 1384 suis
882 1330 1082 1388 sacramentis
1097 1338 1132 1389 et
1149 1332 1259 1409 legibus
1269 1348 1312 1407 per

115 1408 407 1483 SpiriturnSauetum
416 1406 556 1481 regulata,
563 1408 644 1463 omni
652 1407 773 1479 homini,
780 1410 1310 1489 quantumcunquefaeinorosopeaoe·

114 1489 183 1560 tori,
193 1489 300 1545 suflicit
311 1487 480 1543 adsalutem
494 1508 500 1543 :
515 1492 546 1543 et
554 1488 632 1562 quod
640 1494 727 1544 extra
737 1488 897 1545 Ecclesiam
908 1488 1101 1549 Catholicam
1110 1511 1173 1550 non
1184 1496 1228 1550 est
1236 1490 1308 1549 salus
1347 1526 1349 1553 ι

175 1569 223 1642 aij.
248 1568 539 1623 Censunrmationcm
560 1567 696 1624 Ecclesiae
717 1587 770 1643 per
789 1568 912 1644 gloriam
932 1570 1163 1646 sempiternam,
1179 1572 1212 1629 in
1226 1570 1310 1629 anima

114 1655 145 1705 et
158 1667 244 1704 cama
258 1648 402 1704 veraciter
416 1647 601 1703 suscitanda:
623 1653 653 1704 et
667 1667 720 1724 per
733 1649 778 1724 cuj
783 1667 817 1705 us
831 1648 1000 1725 oppositum
1012 1651 1205 1729 intelligitur
1215 1656 1309 1709 aaron

114 1728 266 1784 damnatio
280 1728 478 1802 reproborum.

175 1809 208 1865 Si
220 1808 266 1863 vis
280 1827 348 1883 ergo
362 1809 461 1863 salvus
475 1826 545 1879 esse,
559 1806 670 1864 frater:
690 1808 735 1864 ita
748 1807 784 1864 dc
798 1808 939 1884 mysterio
952 1808 1118 1870 Trinitatis
1130 1812 1247 1870 sentias
1347 1864 1349 1875 .

175 1888 288 1945 Deinde
302 1889 444 1962 apri-isso
458 1888 484 1944 ci
493 1888 633 1945 ›ictcerdos
647 1888 720 1945 (alios
733 1897 838 1964 septem
850 1888 989 1947 articulis
1003 1891 1046 1947 ad
1060 1888 1177 1951 Oanos·
1189 1890 1309 1950 nomast
1347 1886 1349 1953 ἶ

116 1978 202 2025 &atera
215 1969 400 2043 pertinentes,
417 1967 589 2027 beonredo:
1016 1978 1020 1985 '

176 2048 326 2119 Similiter,
342 2048 434 2104 frater
454 2049 610 2120 carissime,
630 2039 826 2105 ne'cessarium
846 2054 891 2105 est
911 2049 949 2105 ad
968 2054 1116 2108 aeternam
1136 2052 1269 2123 salutem,
1281 2054 1309 2107 ut

115 2129 214 2185 eredas
228 2135 259 2185 et
272 2129 437 2185 confitearis
446 2129 569 2185 Domini
582 2129 678 2186 nostri
690 2128 712 2186 J
713 2149 764 2186 esu
779 2128 891 2185 Christi
898 2129 1147 2203 meamationem,
1157 2152 1212 2190 sen
1221 2148 1309 2189 veram

114 2210 211 2265 conaris
225 2209 454 2283 assumptionem
467 2228 520 2283 per
534 2210 679 2283 Spiritum
693 2210 835 2268 Sanctum
848 2229 886 2266 ex
899 2210 961 2266 sola
973 2209 1105 2286 Virgine
1117 2212 1252 2288 gloriosa

175 2289 205 2363 ᾗ.
229 2290 341 2345 Veram
353 2289 500 2345 incarnati
514 2288 573 2344 Dei
585 2290 774 2347 nativitatem
787 2310 825 2347 ex
838 2291 965 2367 Virgine
978 2289 1165 2368 incorrupta.

174 2369 217 2443 iij.
241 2370 352 2425 Veram
368 2369 479 2425 Christi
493 2369 659 2443 passionem
672 2374 703 2425 et
715 2376 840 2425 mortem
854 2372 909 2427 sub
922 2370 1083 2445 tyrannide
1097 2371 1203 2431 Pilati.

174 2449 229 2523 ttejj.
253 2450 365 2505 Veram
380 2449 492 2505 Christi
505 2449 721 2506 descensionem
731 2449 769 2505 ad
781 2449 890 2506 inferos
903 2451 936 2506 in
948 2450 1049 2508 anima
1060 2452 1101 2509 ad
1111 2452 1311 2529 spoliationem

113 2531 227 2599 tartari,
244 2530 411 2603 quiescente
425 2547 544 2604 corpore
558 2530 620 2603 ejus
633 2530 667 2585 in
679 2529 839 2605 sepulchro.

174 2631 199 2667 a.
223 2610 336 2665 Verani
350 2609 462 2665 Christi
476 2610 534 2664 Dei
547 2609 636 2665 tertia
649 2609 698 2665 die
711 2629 729 2666 a
738 2614 834 2666 morte
848 2610 1100 2669 rosmrectionem.

173 2691 210 2746 ai.
234 2690 346 2745 Veram
360 2689 453 2763 ipsius
467 2689 504 2744 ad
518 2689 602 2745 calos
616 2690 822 2746 ascensionem.

174 2769 222 2841 aij.
246 2769 344 2844 Ipsius
358 2769 479 2825 venturi
492 2768 529 2825 ad
539 2769 686 2843 judicium
700 2770 893 2826 certissimam
907 2770 1151 2845 expectationem.

174 2849 249 2906 Haec
264 2856 308 2905 est
321 2849 393 2905 fides
407 2849 559 2921 catholiea,
574 2848 674 2920 frater,
690 2869 779 2925 quam
799 2850 858 2906 nisi
877 2850 1004 2907 fideliter
1023 2850 1214 2928 firmiterque
1227 2852 1311 2911 credi·

114 2929 191 2986 deris
201 2931 278 2986 sicut
291 2935 393 2986 sancta
407 2935 501 2985 mater
514 2929 644 2986 Ecclesia
658 2930 768 2987 credit:
789 2930 890 2987 salvus
903 2949 966 2987 esse
979 2950 1039 2987 non
1051 2932 1174 3007 poteris.

174 3011 214 3065 nt
241 3010 267 3066 si
293 3010 431 3083 istratus
457 3010 551 3066 laicas
576 3010 620 3066 acl
645 3009 813 3084 sirrtplicitcr
839 3009 972 3068 lanaria
988 3010 1108 3083 factat:
1130 3020 1204 3072 tanc
1224 3021 1311 3091 poert

113 3090 251 3151 Sacerdos
265 3090 486 3162 articulosfldci
499 3091 533 3145 ia
544 3090 673 3163 generali
685 3090 721 3147 ab
735 3109 766 3147 co
779 3090 935 3163 irrqttirerc,
951 3091 1002 3148 sab
1015 3090 1206 3164 ltacsorma:

175 3170 331 3226 Carissimo
354 3170 465 3226 frater:
487 3170 589 3226 Credis
613 3170 734 3226 Patrem
755 3175 786 3226 et
805 3170 918 3227 Filium
941 3176 971 3227 et
993 3168 1141 3246 Spiritum
1171 3174 1309 3233 Sanctum

113 3271 174 3308 esse
189 3256 249 3307 tres
264 3251 408 3306 Personas
420 3258 450 3306 et
461 3250 566 3306 Unum
581 3250 689 3318 Deum,
703 3256 733 3306 et
754 3250 848 3325 ipsam
869 3250 1054 3308 benedictam
1073 3257 1167 3329 atque
1181 3254 1309 3313 indivisi-

113 3332 203 3389 bilem
218 3331 396 3387 Trinitatem
411 3348 522 3386 creasse
535 3330 635 3386 omnia
648 3336 746 3387 creata
759 3331 888 3387 visibilia
902 3336 933 3387 et
946 3330 1120 3390 invisibilia.
1163 3334 1209 3391 Et
1221 3336 1308 3393 solum

112 3411 233 3481 Filium,
258 3412 294 3467 de
322 3410 436 3485 Spiritu
469 3410 576 3466 Sancto
604 3416 787 3485 conceptum,
814 3411 1002 3467 incarnatum
1029 3410 1123 3470 fnisse
1153 3434 1194 3472 ex
1218 3414 1309 3473 Maria

112 3490 259 3564 Virgine:
283 3510 403 3565 passum
425 3496 455 3546 et
478 3496 629 3546 mortuum
643 3510 696 3566 pro
718 3490 803 3547 nobis
822 3491 854 3547 in
875 3510 959 3548 cruce
981 3491 1036 3547 sub
1058 3490 1172 3552 Pontio
1196 3496 1307 3553 Pilato:

113 3572 262 3645 sepultum
274 3570 453 3627 descendisse
467 3570 504 3626 ad
525 3570 659 3641 inferna,
680 3571 728 3627 die
745 3571 836 3627 tertia
854 3570 1047 3629 resurrexisse
1063 3592 1082 3629 a
1102 3576 1255 3633 mortuis:
1275 3572 1307 3631 ad

113 3651 198 3708 calos
211 3651 392 3707 ascendisse:
414 3652 579 3724 iterumque
594 3656 753 3706 venturum
765 3651 804 3706 ad
819 3650 1012 3726 judicandum
1025 3652 1113 3710 vivos
1127 3660 1159 3712 et
1171 3662 1305 3725 mortua,

112 3750 270 3805 omnesque
284 3730 417 3787 homines
431 3736 502 3786 tunc
515 3730 546 3786 in
562 3750 682 3805 corpore
696 3736 727 3787 et
740 3731 839 3786 anima
858 3735 1084 3804 resrmecturos,
1098 3733 1180 3791 bona
1193 3741 1226 3793 et
1238 3734 1306 3793 malt

112 3812 274 3869 secundum
303 3811 410 3867 merita
438 3830 491 3866 sua
514 3816 688 3885 recepturos.
746 3811 787 3866 Et
814 3810 1018 3867 remissionem
1044 3820 1238 3887 peccatorum
1262 3832 1306 3891 par

111 3897 362 3949 sacramentorum
381 3890 507 3946 ecelesiae
527 3891 752 3964 perceptionem.
800 3890 841 3946 Et
862 3895 1033 3946 sanctorum
1053 3896 1304 3953 communionem:

111 3971 144 4028 id
167 3977 220 4042 est,
245 3991 345 4026 omncs
367 3971 500 4027 homines
521 3971 554 4025 in
576 3970 699 4027 caritate
721 3970 891 4042 existentes,
915 3990 978 4027 esse
996 3971 1159 4049 participes
1181 3976 1305 4033 omnium

112 4052 256 4109 bonorum
270 4051 372 4125 gratiae
384 4070 448 4124 quae
463 4051 540 4106 fiunt
553 4051 586 4105 in
599 4050 729 4106 Ecclesia
745 4070 750 4105 :
775 4058 806 4106 et
819 4070 920 4107 omnes
940 4051 993 4125 qui
1011 4054 1236 4113 communicant
1248 4072 1305 4113 eum

107 4132 198 4206 justis
212 4131 260 4186 hic
273 4131 307 4185 in
320 4131 424 4204 gratia,
440 4133 654 4187 communicare
668 4150 734 4186 cum
750 4148 819 4185 curn
832 4131 873 4195 eis
887 4131 920 4186 in
933 4130 1049 4206 glorial

172 4211 284 4269 Deinde
297 4211 473 4284 rcqrornlcat'
481 4211 616 4283 epirotas
627 4235 635 4269 ,·

173 4291 267 4350 Credo
280 4291 405 4346 firmiter
420 4289 453 4344 in
473 4290 617 4362 omnihus,
635 4290 712 4346 sicut
732 4296 833 4346 sancta
853 4297 950 4348 mater
970 4290 1064 4348 credit
1078 4292 1232 4354 Ecclesia:
1251 4312 1304 4371 pre

113 4372 247 4433 testando
271 4389 369 4426 eoram
396 4370 461 4427 Deo
490 4375 521 4425 ot
544 4371 680 4427 omnibus
711 4370 828 4427 Sanctis
862 4371 1001 4428 continuo
1034 4372 1092 4431 hoe
1126 4394 1189 4434 esse
1216 4392 1302 4435 meam
