2850 4800
184 305 249 368 134
574 300 756 367 Deraiar‘oa
768 300 794 367 c'.
809 299 995 367 Adoeatas.

176 473 316 525 nascetur
338 487 378 526 ex
400 474 432 526 te
458 471 595 526 sanctum
618 467 773 525 vocabitur
796 466 892 524 Filius
915 465 982 524 Dei
1024 464 1115 524 Dixit
1137 472 1239 526 autem
1260 465 1380 526 Maria:

177 563 254 623 Ecce
266 565 374 623 ancilla
388 566 528 624 Domini:
549 565 618 622 Fiat
631 563 706 622 mihi
718 563 879 622 secundum
891 563 1016 622 verbnm
1027 568 1122 622 tuum.
1164 564 1313 642 Alleluya.

186 661 215 720 V.
241 663 471 740 (sacerdotalis).
502 662 682 740 Egredietur
695 661 780 738 virga
793 661 830 720 de
843 661 942 720 radice
954 661 978 720 J
977 681 1046 722 esse.

267 780 285 817 r
346 804 353 818 .

239 758 399 933 Dsdlszfqui
411 858 448 915 do
461 858 555 914 beatae
576 855 682 914 Mariae
695 855 819 933 virginis
838 861 924 914 utero
936 856 1060 914 verbum
1079 861 1167 913 tuum
1186 855 1292 933 angelo
1305 875 1383 914 nun·

177 1110 256 1168 puer
279 1091 409 1167 deserens
435 1112 546 1166 aquom
569 1100 596 1150 et
618 1090 769 1167 acolythus
792 1099 865 1150 stent
884 1091 977 1166 jacta
1000 1091 1129 1167 prodam
1154 1098 1223 1149 aare
1250 1088 1381 1150 Oracera.

182 1171 289 1230 Omnes
309 1181 408 1230 autem
430 1172 527 1230 abrici
545 1172 679 1230 interesse
696 1181 822 1247 possaat
844 1170 1077 1231 Processrbaibas
1105 1169 1193 1230 totius
1213 1170 1298 1242 aaut,
1320 1169 1383 1228 licet

181 1252 261 1311 ualli
279 1252 357 1310 bora
371 1252 431 1310 diei
445 1253 635 1328 procedentis
647 1251 841 1326 iraerfaeriat.

244 1330 387 1391 Omnibus
399 1333 565 1390 Dominicis
572 1349 628 1408 per
648 1341 740 1390 totam
752 1330 918 1390 Adventum
930 1339 998 1390 arete
1017 1331 1230 1390 Processiorrera
1242 1331 1277 1390 irc
1289 1331 1383 1390 eaado

180 1412 300 1471 dicator
312 1413 371 1470 dac
384 1432 502 1487 seqaeas
515 1411 695 1488 Araiplroraa
710 1420 825 1470 cauare
835 1411 989 1487 inoffense
1001 1410 1053 1470 dcc
1066 1413 1150 1470 modo
1163 1432 1174 1469 .·

241 1491 421 1567 Aretiptona.
464 1493 576 1549 Missus
589 1499 634 1550 est
648 1492 778 1565 Gabriel,
792 1500 818 1550 et
831 1500 928 1550 cetera.

243 1572 369 1642 Qaaralo
390 1592 455 1631 oero
463 1573 626 1647 perverterit
647 1572 792 1631 Processio
812 1580 880 1631 uate
899 1591 1039 1646 ocayaam
1055 1570 1177 1630 Crucem
1195 1571 1232 1629 ia
1243 1570 1382 1642 rausa,

180 1651 242 1709 crisi
242 1652 314 1726 ficri
321 1653 418 1710 debeat
425 1653 521 1723 statio,
531 1673 591 1711 rroa
599 1651 896 1728 dicatartiatiplcoao
905 1653 940 1710 de
949 1649 1385 1727 aaamqaeodieapaarea

181 1731 322 1790 Hababa
336 1732 419 1790 Deus
439 1733 573 1789 omnium
587 1753 596 1804 ς
618 1733 669 1792 sed
679 1733 781 1791 statim
795 1741 864 1809 post
877 1731 1078 1808 Aatrplroaom
1098 1738 1190 1790 verra
1203 1750 1231 1790 se
1244 1731 1385 1790 Sacerdos

180 1813 222 1869 ad
229 1811 384 1887 papalum,
400 1821 426 1870 et
440 1812 519 1870 aaut
532 1814 567 1871 ia
581 1813 686 1888 lioyaa
698 1821 834 1871 occurrat
846 1813 888 1871 sic
900 1837 910 1872 :

242 1891 367 1949 Oremus
380 1912 434 1968 pro
449 1893 580 1951 Ecclesia
599 1893 769 1968 Anglicana
781 1899 812 1951 et
825 1912 879 1970 pro
892 1911 960 1968 rege
981 1897 1084 1950 nostro
1097 1897 1128 1950 et
1149 1890 1385 1968 archiepiscopis,

180 1967 331 2048 episcopia,
347 1979 377 2029 et
391 1973 556 2048 specialiter
571 1992 625 2048 pro
638 1974 772 2049 episcopo
789 1979 892 2031 nostro
905 1972 956 2045 N,
971 1977 1002 2030 et
1015 1990 1068 2048 pro
1082 1971 1191 2030 decano
1209 1971 1259 2029 vel
1271 1976 1387 2030 rectore

180 2052 270 2128 hujus
284 2053 431 2125 Ecclesiae,
447 2053 551 2110 scilicet
563 2054 598 2111 ia
610 2053 747 2112 Ecclesits
760 2052 987 2128 parochialibus,
1002 2057 1033 2109 et
1045 2071 1099 2129 pro
1111 2057 1192 2109 terra
1205 2057 1316 2124 sancte,
1331 2070 1386 2128 pro

180 2151 252 2209 pace
266 2133 404 2191 Ecclesiae
418 2139 449 2190 et
463 2139 557 2205 terrae,
568 2139 600 2190 et
612 2134 714 2210 regins
728 2139 759 2190 et
772 2133 833 2190 suis
846 2132 955 2206 liberis,
967 2140 994 2190 et
1007 2140 1098 2190 cetera
1110 2151 1188 2190 more
1202 2131 1293 2190 solito.

242 2212 356 2273 Deiade
376 2222 468 2272 catat
478 2233 506 2271 se
519 2213 659 2272 Sacerdos
669 2221 695 2271 et
708 2213 788 2271 dicat
797 2214 888 2270 istam
902 2212 1077 2272 Psalmaot:
1105 2211 1188 2269 Deus
1201 2211 1386 2283 misereatur,

182 2313 216 2351 ea
229 2301 354 2369 atroque
364 2303 449 2368 parte
471 2292 562 2352 Obori
582 2313 659 2351 orare
679 2293 762 2351 solito
786 2293 848 2352 siae
864 2301 945 2365 crota,
959 2311 993 2351 ea
1007 2300 1094 2368 parte
1115 2289 1207 2352 Obori
1221 2291 1388 2370 primipalr'

181 2374 352 2449 decipiatur.
394 2373 497 2432 Finito
510 2373 630 2431 Psalmo
644 2393 711 2431 cam
724 2373 827 2431 Gloria
840 2372 927 2430 Patri
940 2381 966 2430 et
980 2372 1063 2430 Sicut
1076 2377 1149 2444 erat,
1165 2381 1325 2448 sequatur:

242 2454 341 2530 Kyrie
354 2454 481 2529 eleyson.
524 2453 641 2511 Christe
655 2453 780 2529 eleyson.
824 2453 921 2529 Kyrie
935 2453 1059 2529 eleyson

242 2533 335 2592 Pater
347 2540 454 2592 noster.

240 2614 354 2673 Deiade
367 2614 447 2672 dicat
460 2613 599 2672 Sacerdos
612 2613 647 2672 ia
660 2613 815 2673 audieatra
827 2613 877 2672 sed
889 2613 952 2673 siae
964 2621 1054 2672 acta:

241 2694 284 2751 Et
297 2714 335 2751 ne
348 2714 410 2752 nos.
454 2694 512 2752 Sed
525 2694 625 2753 libera

242 2774 373 2832 Ostende
386 2774 481 2848 nobis,
496 2774 633 2846 Domine,
648 2773 877 2831 misericordiam
891 2779 993 2832 tuam:

282 2855 325 2911 Et
338 2855 467 2912 salutare
480 2860 568 2912 tuum
580 2854 619 2911 da
632 2854 726 2923 nobis,

243 2933 414 2991 Sacerdotes
428 2935 475 2991 tui
487 2935 652 2991 induantur
661 2933 799 3009 justitia:

283 3013 325 3070 Et
338 3015 433 3071 sancti
446 3014 493 3070 tui
507 3015 665 3073 exsultent.

242 3092 380 3164 Domine,
396 3093 511 3150 salvum
523 3094 570 3151 fac
583 3114 679 3170 regem
693 3115 699 3151 :

283 3172 325 3228 Et
338 3173 446 3230 exaudi
459 3192 514 3231 nos
527 3174 560 3230 in
573 3174 621 3231 die
635 3193 694 3250 qua
707 3173 944 3232 invocaverimus
957 3178 995 3232 te.

242 3253 365 3310 Salvum
378 3253 425 3310 fac
438 3272 557 3310 servum
570 3259 676 3312 tuum:

283 3332 365 3390 Deus
378 3351 461 3390 meus
474 3340 641 3409 sperantem
654 3334 687 3391 in
701 3340 742 3392 te.

242 3413 365 3471 Salvum
379 3412 425 3470 fac
439 3413 582 3488 populum
595 3419 702 3472 tuum:

282 3494 324 3550 Et
337 3513 406 3570 rege
419 3512 468 3550 eos
481 3499 512 3550 et
526 3493 636 3551 extolle
650 3513 699 3551 eos
712 3513 804 3571 usque
817 3493 851 3550 in
866 3499 1017 3552 aeternum.

242 3573 380 3645 Domine,
396 3574 449 3631 fiat
462 3593 522 3649 pax
536 3574 569 3629 in
581 3573 695 3631 virtute
708 3581 780 3632 tua:

282 3655 324 3712 Et
336 3654 520 3711 abundantia
533 3654 565 3710 in
580 3652 713 3711 turribus
726 3654 795 3712 tuis.

241 3733 379 3805 Domine,
394 3735 503 3792 exaudi
516 3733 682 3791 orationem
695 3753 809 3792 meam:

281 3814 324 3871 Et
336 3815 446 3873 clamor
459 3833 543 3872 meus
556 3813 594 3872 ad
606 3818 638 3871 te
651 3814 760 3872 veniat.

241 3894 389 3952 Dominus
402 3895 563 3953 vobiscum.

241 3975 375 4033 Oramus.
419 3975 529 4034 Oratio

237 4054 329 4127 Deus,
343 4056 396 4131 qui
409 4054 541 4113 caritatis
554 4054 632 4111 dona
645 4055 835 4130 pergratiam
849 4054 951 4112 Sancti
965 4053 1094 4131 Spiritus
1108 4059 1230 4111 tuorum
1244 4051 1381 4110 cordibus

176 4133 310 4192 fidelium
322 4135 454 4192 infundis
466 4155 476 4208 ;
495 4136 534 4192 da
546 4133 666 4192 famulis
680 4140 711 4192 et
724 4133 891 4192 famulabus
904 4135 973 4206 tuis,
988 4154 1042 4211 pro
1056 4134 1165 4211 quibus
1184 4138 1269 4190 tuam
1282 4132 1383 4209 depre-

176 4231 278 4271 camur
290 4213 486 4286 clementiam,
497 4214 624 4272 salutem
637 4215 747 4273 mentis
760 4220 792 4273 et
801 4213 938 4291 corporis,
953 4220 989 4271 ut
998 4220 1030 4272 te
1043 4219 1108 4272 tota
1118 4213 1232 4271 virtuts
1246 4211 1384 4289 diligant,

175 4299 207 4350 et
220 4313 286 4370 quse
300 4294 359 4352 tibi
378 4295 486 4370 placita
499 4300 569 4353 sunt
582 4299 648 4353 toto
661 4294 820 4353 dilectione
832 4292 996 4371 perficiant,
1011 4299 1042 4352 et
1055 4312 1157 4370 pacem
1170 4297 1255 4351 tuam
1271 4293 1384 4352 nostris

174 4374 299 4433 concede
312 4373 500 4451 temporibus.
543 4374 602 4434 Per
616 4375 779 4433 Christum.
1283 4416 1290 4427 -
